1926 3275
265 300 347 340 334
894 299 1132 343 Amphitruo.

263 440 401 477 parum
429 426 617 464 credibile
644 427 838 474 videatur,
866 431 999 464 tamen
1023 440 1235 465 consensus
1260 429 1607 477 grammaticorum
1630 431 1768 478 negari

263 508 341 531 non
364 496 529 545 pat-itur,
561 508 596 532 V.
622 494 812 531 Priscian.
839 494 889 542 II,
917 509 956 545 p.
987 496 1065 532 304
1090 495 1153 542 H.,
1187 496 1253 544 qui
1286 495 1400 532 affert
1422 495 1510 533 Ter.
1536 495 1636 533 Eun.
1666 497 1768 534 649:

269 563 434 609 „Nescio
461 563 555 612 quid
578 563 760 612 profecto
780 562 940 599 absente
965 563 1079 599 nobis
1104 563 1347 600 turbatumst
1371 562 1518 600 domi“.
1565 563 1629 601 Ad
1652 577 1768 614 quem

262 631 392 667 locum
424 630 621 667 Donatus:
659 631 945 681 „Pomponiusz
979 630 1070 667 Sine
1102 642 1195 679 ergo
1226 633 1345 678 istuc,
1378 635 1588 680 praesente
1621 633 1767 679 amicis,

262 699 365 735 inter
397 711 543 737 cenam.
589 698 716 735 Varro
748 699 789 734 in
812 698 1068 735 Marcellum:
1102 698 1148 735 Id
1178 704 1386 748 praesente
1417 699 1558 749 legatis
1585 700 1768 737 omnibus

264 767 439 803 exercitu
463 763 735 814 pronuntiat‘fi
769 765 919 802 Nonius
943 766 967 802 l.
996 766 1020 803 l.
1047 780 1096 803 ex
1111 766 1278 804 Afranio
1303 766 1436 803 affert:
1468 767 1525 813 „si
1548 767 1610 803 hic
1636 764 1767 814 (codd.

263 831 351 880 hac)
386 833 547 870 absente
572 833 686 870 nobis
711 834 883 870 uenierit
906 832 1044 883 puer.“
1095 834 1214 884 Apud
1239 834 1405 871 eundem
1428 835 1574 884 legitur
1596 849 1635 885 p.
1666 836 1766 872 154:

268 901 510 948 „Praesente‚
553 914 684 938 coram
722 902 785 938 vel
822 902 1098 951 praesentibus
1159 902 1402 952 Pomponius
1434 902 1560 951 Syris:
1601 902 1768 949 Quidam

266 969 371 1019 apud
402 969 528 1006 forum
553 972 763 1019 praesente
794 970 965 1007 testibus
991 970 1088 1007 mihi
1114 970 1308 1008 uendidit.
1354 971 1490 1007 Attius
1515 970 1767 1021 Menalippa:

262 1037 335 1074 Est
366 1051 427 1074 res
459 1038 593 1086 aliqua
625 1051 743 1086 quam
777 1035 909 1083 (codd.
943 1035 1045 1086 quae)
1087 1041 1294 1088 praesente
1335 1038 1394 1075 his
1426 1039 1535 1088 prius
1567 1042 1768 1076 maturare

263 1107 419 1142 institit.
466 1104 692 1142 Fenestella
707 1105 922 1142 Annalium
938 1105 1006 1142 lib.
1026 1105 1083 1142 II:
1118 1109 1157 1142 et
1178 1106 1357 1155 quaedam
1375 1111 1465 1143 exta
1487 1105 1616 1153 (codd.
1637 1104 1766 1153 extra)

263 1177 458 1223 praesente
498 1173 596 1219 suis,
641 1173 817 1222 quaedam
858 1173 1021 1210 absente
1059 1174 1275 1223 porrecisse
1317 1172 1446 1220 (codd.
1479 1171 1767 1224 proiecissem).

263 1241 412 1278 Novius
436 1241 571 1278 Mania
593 1241 763 1278 medica:
797 1241 851 1278 Te
876 1241 1057 1279 uolumus
1082 1241 1230 1279 donare
1255 1242 1357 1279 dono
1382 1242 1547 1292 pulchro
1571 1246 1768 1291 praesente

264 1307 486 1346 ‹nnnibus“.
513 1329 569 1333 —
600 1308 713 1354 Quod
737 1309 929 1358 sequitur,
957 1306 1108 1359 aliquis
1131 1307 1363 1359 quisquam,
1396 1310 1494 1347 nihil
1519 1314 1596 1356 est3
1630 1310 1768 1360 scripsi

265 1375 386 1414 ullu-5¹.
455 1376 606 1414 Deinde
653 1390 907 1414 numerorum
948 1379 1053 1414 ratio
1095 1377 1300 1415 ostendere
1345 1378 1507 1415 videtur
1555 1381 1769 1415 extremam

264 1458 399 1482 versus
430 1449 582 1494 partem
623 1446 807 1482 omissam
848 1458 942 1482 esse.
1012 1445 1113 1482 Olim
1154 1446 1412 1483 conieceram:
1467 1446 1551 1493 „hic
1591 1444 1768 1492 adfuit⁴⁴3

264 1513 333 1549 sed
357 1513 632 1563 imperfectum
657 1513 886 1562 requiritur,
915 1526 1038 1563 quare
1054 1514 1344 1562 praeferendum
1362 1518 1421 1551 est
1439 1514 1767 1563 supplementum,

265 1580 371 1630 quod
403 1594 552 1617 mecum
584 1582 816 1618 amicissime
857 1582 1160 1619 communicavit
1191 1582 1234 1619 V.
1269 1582 1315 1619 D.
1349 1582 1606 1619 Studemund.
1645 1595 1767 1632 „prae-

264 1653 325 1685 sto
358 1647 482 1685 e1·at“.

381 1717 499 1754 1043.
548 1715 696 1753 Pareus
726 1721 874 1766 puncto
907 1720 1037 1767 posito
1069 1722 1161 1768 post
1198 1717 1333 1764 „dic0“
1371 1718 1449 1754 ed.:
1497 1717 1668 1764 „Uerum
1701 1719 1767 1768 qui

262 1784 464 1821 insimulas
502 1782 690 1834 probri‘?“
742 1784 982 1823 Gronovius:
1029 1786 1199 1833 „Uerum
1240 1787 1307 1836 qui
1338 1786 1538 1823 insimulet
1569 1785 1762 1836 probri‘?“

262 1852 482 1901 Utrumque
514 1852 734 1889 infeliciter.
785 1853 907 1891 Recte
930 1855 1166 1891 Mercerius:
1206 1854 1316 1900 „Non
1347 1867 1504 1891 causam
1545 1853 1630 1891 dico
1671 1855 1767 1903 quin

262 1918 513 1966 insimules“;
557 1921 611 1958 sic
645 1922 745 1957 enim
777 1921 1062 1970 loquebantur,
1104 1922 1181 1959 vid.
1218 1923 1311 1959 846.
1384 1921 1472 1959 Sed.
1504 1934 1588 1958 voc.
1625 1932 1767 1959 nerum

262 1987 331 2023 illo
363 1987 463 2034 loco,
498 2000 574 2037 quo
606 1989 646 2024 in
679 1989 790 2025 codd.
825 1993 894 2035 est,
929 1990 1023 2026 ferri
1047 2004 1124 2026 non
1149 1994 1301 2039 potest3
1335 2003 1455 2038 quare
1479 1989 1623 2026 Hoffm.
1648 2002 1685 2038 p.
1713 1990 1765 2026 42

262 2056 429 2092 traiecto
461 2055 668 2092 vocabulo:
717 2056 827 2102 „NOH
860 2070 1015 2093 causam
1050 2057 1136 2095 dico
1171 2059 1265 2107 quin
1297 2071 1432 2094 uerum
1465 2058 1488 2093 i.
1520 2054 1583 2106 p.“
1621 2057 1765 2094 collato

263 2137 296 2159 v.
333 2125 430 2160 852:
470 2137 554 2169 „me
585 2124 816 2161 insimulare
849 2124 987 2161 falsum
1020 2125 1170 2162 facinus
1202 2130 1283 2162 tam
1314 2122 1508 2170 malum“;
1551 2124 1647 2161 mihi
1678 2138 1763 2162 voc.

263 2196 492 2240 corruptum
522 2191 700 2238 videtur,
745 2193 906 2241 eiusque
943 2193 1027 2230 loco
1060 2193 1283 2242 scripserim
1323 2190 1432 2239 iure,·
1473 2192 1541 2229 sed
1572 2195 1767 2241 praeterea

262 2259 462 2295 fatendum
515 2259 712 2296 obiectum
759 2273 858 2309 aegre
905 2260 1141 2306 desiderari3
1191 2274 1311 2310 quare
1361 2265 1426 2297 aut
1480 2258 1587 2307 „me“
1639 2257 1762 2307 (med)

262 2327 523 2374 scribendum,
558 2331 626 2364 aut
657 2341 743 2364 cum
768 2327 909 2365 Hoffm.
945 2325 1171 2366 t'nsinecder.
1219 2329 1354 2378 Nuper
1382 2328 1614 2374 Quicherat:
1653 2327 1763 2374 „Non

262 2408 417 2431 causam
457 2395 562 2442 dico,
606 2396 686 2442 uir,
731 2397 825 2444 quin
864 2397 1065 2433 insimules
1106 2395 1282 2446 probris*
1318 2417 1374 2421 —
1409 2397 1528 2433 1044.
1562 2395 1653 2433 Haec
1685 2409 1764 2444 quo

262 2462 498 2512 pertineant,
531 2464 726 2500 incertum
758 2468 828 2501 cst.
877 2464 1019 2501 Hoffm.
1046 2478 1084 2514 p.
1112 2466 1163 2501 46
1190 2465 1413 2513 suspicatus
1441 2467 1499 2500 est
1523 2463 1762 2510 Alcmenam,

261 2535 303 2566 ut
336 2544 459 2580 supra
491 2545 525 2568 v.
560 2532 640 2568 922
675 2545 752 2580 sq.‚
794 2533 847 2569 sic
878 2532 941 2569 hic
972 2546 1130 2582 quoque
1169 2532 1317 2568 dixisse
1355 2544 1395 2568 se
1432 2530 1589 2568 domum
1632 2530 1763 2568 mariti

262 2598 489 2635 relicturam
523 2612 616 2644 esse,
652 2599 981 2648 Amphitryoncm
1014 2604 1143 2637 autem
1177 2600 1236 2636 his
1266 2600 1398 2637 verbis
1430 2598 1689 2648 respondere,
1723 2611 1763 2635 se

262 2679 344 2701 eam
377 2679 452 2702 non
485 2667 644 2703 morari.

375 2800 467 2837 Tria
499 2814 584 2850 quae
625 2806 844 2850 sequuntur
883 2803 1104 2850 fragmenta
1141 2803 1345 2851 pertinent
1376 2802 1423 2839 ad
1456 2815 1611 2839 scenam
1645 2814 1762 2851 quam

261 2870 427 2905 maxime
444 2869 663 2916 motorium,
697 2882 770 2918 qua
799 2869 979 2919 Iuppiter
997 2874 1036 2906 et
1051 2870 1287 2920 Amphitryo
1313 2884 1397 2908 cum
1424 2882 1572 2907 summo
1590 2869 1763 2907 convicio
