<?xml version="1.0" encoding="UTF-8"?>
<!DOCTYPE html PUBLIC "-//W3C//DTD XHTML 1.0 Transitional//EN"
    "http://www.w3.org/TR/xhtml1/DTD/xhtml1-transitional.dtd">
<html xmlns="http://www.w3.org/1999/xhtml" xml:lang="en" lang="en">
 <head>
  <title>
</title>
<meta http-equiv="Content-Type" content="text/html;charset=utf-8" />
  <meta name='ocr-system' content='tesseract 3.04.00' />
  <meta name='ocr-capabilities' content='ocr_page ocr_carea ocr_par ocr_line ocrx_word'/>
</head>
<body>
  <div class='ocr_page' id='page_1' title='image "./comoediaerecensv01plauuoft_0085.png"; bbox 0 0 1926 3275; ppageno 0'>
   <div class='ocr_carea' id='block_1_1' title="bbox 212 343 1718 526">
    <p class='ocr_par' dir='ltr' id='par_1_1' title="bbox 212 343 1718 526">
     <span class='ocr_line' id='line_1_1' title="bbox 213 343 1718 389; baseline 0.001 -13"><span class='ocrx_word' id='word_1_1' title='bbox 213 343 273 385; x_wconf 86' lang='lat' dir='ltr'>IV,</span> <span class='ocrx_word' id='word_1_2' title='bbox 288 345 319 385; x_wconf 89' lang='lat'>3,</span> <span class='ocrx_word' id='word_1_3' title='bbox 338 346 446 377; x_wconf 83' lang='lat'>1—14</span> <span class='ocrx_word' id='word_1_4' title='bbox 848 344 1080 388; x_wconf 80' lang='lat' dir='ltr'>Amphitruo.</span> <span class='ocrx_word' id='word_1_5' title='bbox 1665 352 1718 389; x_wconf 71' lang='lat'>57</span> 
     </span>
     <span class='ocr_line' id='line_1_2' title="bbox 212 468 1666 526; baseline 0.003 -17"><span class='ocrx_word' id='word_1_6' title='bbox 212 468 386 510; x_wconf 79' lang='lat' dir='ltr'>Nihilne</span> <span class='ocrx_word' id='word_1_7' title='bbox 417 472 460 509; x_wconf 88' lang='lat' dir='ltr'>te</span> <span class='ocrx_word' id='word_1_8' title='bbox 492 469 638 522; x_wconf 85' lang='lat' dir='ltr'>pudet,</span> <span class='ocrx_word' id='word_1_9' title='bbox 671 469 864 521; x_wconf 78' lang='lat' dir='ltr'>sceleste,</span> <span class='ocrx_word' id='word_1_10' title='bbox 896 471 1044 523; x_wconf 89' lang='lat' dir='ltr'>populi</span> <span class='ocrx_word' id='word_1_11' title='bbox 1075 471 1119 510; x_wconf 88' lang='lat' dir='ltr'>in</span> <span class='ocrx_word' id='word_1_12' title='bbox 1152 475 1435 524; x_wconf 90' lang='lat' dir='ltr'>conspectum</span> <span class='ocrx_word' id='word_1_13' title='bbox 1466 473 1666 526; x_wconf 78' lang='lat' dir='ltr'>ingredi?</span> 
     </span>
    </p>
   </div>
   <div class='ocr_carea' id='block_1_2' title="bbox 831 610 1099 664">
    <p class='ocr_par' dir='ltr' id='par_1_2' title="bbox 831 610 1099 664">
     <span class='ocr_line' id='line_1_3' title="bbox 831 610 1099 664; baseline 0.007 -14"><span class='ocrx_word' id='word_1_14' title='bbox 831 610 1099 664; x_wconf 87' lang='lat' dir='ltr'>Blepharo</span> 
     </span>
    </p>
   </div>
   <div class='ocr_carea' id='block_1_3' title="bbox 212 682 1718 1015">
    <p class='ocr_par' dir='ltr' id='par_1_3' title="bbox 212 682 1718 1015">
     <span class='ocr_line' id='line_1_4' title="bbox 212 682 1635 739; baseline 0.003 -15"><span class='ocrx_word' id='word_1_15' title='bbox 212 683 440 724; x_wconf 88' lang='lat' dir='ltr'>Laruatus.</span> <span class='ocrx_word' id='word_1_16' title='bbox 488 682 655 736; x_wconf 80' lang='lat' dir='ltr'>Edepol</span> <span class='ocrx_word' id='word_1_17' title='bbox 686 683 904 724; x_wconf 89' lang='lat' dir='ltr'>hominem</span> <span class='ocrx_word' id='word_1_18' title='bbox 935 683 1157 725; x_wconf 80' lang='lat' dir='ltr'>miserum!</span> <span class='ocrx_word' id='word_1_19' title='bbox 1190 685 1407 726; x_wconf 88' lang='lat' dir='ltr'>medicum</span> <span class='ocrx_word' id='word_1_20' title='bbox 1439 687 1635 739; x_wconf 85' lang='lat' dir='ltr'>quaerita.</span> 
     </span>
     <span class='ocr_line' id='line_1_5' title="bbox 806 818 1124 871; baseline 0.006 -13"><span class='ocrx_word' id='word_1_21' title='bbox 806 818 843 858; x_wconf 91' lang='lat' dir='ltr'><strong>A</strong></span> <span class='ocrx_word' id='word_1_22' title='bbox 852 833 894 858; x_wconf 89' lang='lat' dir='ltr'>m</span> <span class='ocrx_word' id='word_1_23' title='bbox 906 833 932 871; x_wconf 92' lang='lat' dir='ltr'>p</span> <span class='ocrx_word' id='word_1_24' title='bbox 942 818 970 859; x_wconf 91' lang='lat' dir='ltr'>h</span> <span class='ocrx_word' id='word_1_25' title='bbox 980 819 993 858; x_wconf 91' lang='lat' dir='ltr'>i</span> <span class='ocrx_word' id='word_1_26' title='bbox 1003 822 1022 859; x_wconf 92' lang='lat' dir='ltr'>t</span> <span class='ocrx_word' id='word_1_27' title='bbox 1031 833 1052 858; x_wconf 94' lang='lat' dir='ltr'>r</span> <span class='ocrx_word' id='word_1_28' title='bbox 1062 833 1089 859; x_wconf 92' lang='lat' dir='ltr'>u</span> <span class='ocrx_word' id='word_1_29' title='bbox 1101 834 1124 860; x_wconf 96' lang='lat' dir='ltr'>o</span> 
     </span>
     <span class='ocr_line' id='line_1_6' title="bbox 213 890 1718 944; baseline 0.002 -13"><span class='ocrx_word' id='word_1_30' title='bbox 213 891 296 941; x_wconf 87' lang='lat' dir='ltr'>Qui</span> <span class='ocrx_word' id='word_1_31' title='bbox 326 904 528 943; x_wconf 77' lang='lat' dir='ltr'>nequeas,</span> <span class='ocrx_word' id='word_1_32' title='bbox 559 893 809 931; x_wconf 86' lang='lat' dir='ltr'>nostrorum</span> <span class='ocrx_word' id='word_1_33' title='bbox 840 893 938 930; x_wconf 86' lang='lat' dir='ltr'>uter</span> <span class='ocrx_word' id='word_1_34' title='bbox 969 890 1025 931; x_wconf 84' lang='lat' dir='ltr'>sit</span> <span class='ocrx_word' id='word_1_35' title='bbox 1052 891 1309 944; x_wconf 88' lang='lat' dir='ltr'>Amphitruo</span> <span class='ocrx_word' id='word_1_36' title='bbox 1343 892 1593 935; x_wconf 82' lang='lat' dir='ltr'>decernere.</span> <span class='ocrx_word' id='word_1_37' title='bbox 1630 901 1718 934; x_wconf 87' lang='grc'>1050</span> 
     </span>
     <span class='ocr_line' id='line_1_7' title="bbox 831 961 1100 1015; baseline 0.011 -14"><span class='ocrx_word' id='word_1_38' title='bbox 831 962 865 1002; x_wconf 89' lang='grc' dir='ltr'>Β</span> <span class='ocrx_word' id='word_1_39' title='bbox 875 961 889 1001; x_wconf 91' lang='grc'>1</span> <span class='ocrx_word' id='word_1_40' title='bbox 901 976 922 1002; x_wconf 87' lang='lat' dir='ltr'>e</span> <span class='ocrx_word' id='word_1_41' title='bbox 934 977 960 1015; x_wconf 92' lang='lat' dir='ltr'>p</span> <span class='ocrx_word' id='word_1_42' title='bbox 972 962 1000 1002; x_wconf 93' lang='lat' dir='ltr'>h</span> <span class='ocrx_word' id='word_1_43' title='bbox 1011 977 1036 1003; x_wconf 84' lang='lat' dir='ltr'>a</span> <span class='ocrx_word' id='word_1_44' title='bbox 1045 977 1066 1003; x_wconf 90' lang='lat' dir='ltr'>r</span> <span class='ocrx_word' id='word_1_45' title='bbox 1077 978 1100 1004; x_wconf 93' lang='grc'>0</span> 
     </span>
    </p>
   </div>
   <div class='ocr_carea' id='block_1_4' title="bbox 210 1033 1715 2858">
    <p class='ocr_par' dir='ltr' id='par_1_4' title="bbox 211 1033 1714 1232">
     <span class='ocr_line' id='line_1_8' title="bbox 211 1033 1649 1091; baseline 0.003 -15"><span class='ocrx_word' id='word_1_46' title='bbox 211 1033 299 1076; x_wconf 87' lang='lat' dir='ltr'>Uos</span> <span class='ocrx_word' id='word_1_47' title='bbox 330 1035 445 1075; x_wconf 87' lang='lat' dir='ltr'>inter</span> <span class='ocrx_word' id='word_1_48' title='bbox 474 1048 552 1075; x_wconf 90' lang='lat' dir='ltr'>uos</span> <span class='ocrx_word' id='word_1_49' title='bbox 583 1034 713 1075; x_wconf 72' lang='lat' dir='ltr'>istaec</span> <span class='ocrx_word' id='word_1_50' title='bbox 744 1034 928 1087; x_wconf 75' lang='lat' dir='ltr'>partite3</span> <span class='ocrx_word' id='word_1_51' title='bbox 962 1049 1039 1088; x_wconf 82' lang='lat' dir='ltr'>ego</span> <span class='ocrx_word' id='word_1_52' title='bbox 1073 1035 1194 1078; x_wconf 79' lang='lat' dir='ltr'>abeo.</span> <span class='ocrx_word' id='word_1_53' title='bbox 1230 1037 1335 1077; x_wconf 89' lang='lat' dir='ltr'>mihi</span> <span class='ocrx_word' id='word_1_54' title='bbox 1366 1038 1649 1091; x_wconf 76' lang='lat' dir='ltr'>negotiumst3</span> 
     </span>
     <span class='ocr_line' id='line_1_9' title="bbox 211 1107 1714 1160; baseline 0.004 -13"><span class='ocrx_word' id='word_1_55' title='bbox 211 1107 361 1160; x_wconf 84' lang='lat' dir='ltr'>Neque</span> <span class='ocrx_word' id='word_1_56' title='bbox 395 1120 473 1160; x_wconf 80' lang='lat' dir='ltr'>ego</span> <span class='ocrx_word' id='word_1_57' title='bbox 505 1119 710 1158; x_wconf 86' lang='lat' dir='ltr'>umquam</span> <span class='ocrx_word' id='word_1_58' title='bbox 741 1120 924 1158; x_wconf 84' lang='lat' dir='ltr'>usquam</span> <span class='ocrx_word' id='word_1_59' title='bbox 955 1111 1082 1148; x_wconf 85' lang='lat' dir='ltr'>tanta</span> <span class='ocrx_word' id='word_1_60' title='bbox 1112 1108 1222 1149; x_wconf 88' lang='lat' dir='ltr'>mira</span> <span class='ocrx_word' id='word_1_61' title='bbox 1254 1124 1320 1150; x_wconf 88' lang='lat' dir='ltr'>me</span> <span class='ocrx_word' id='word_1_62' title='bbox 1352 1110 1514 1151; x_wconf 86' lang='lat' dir='ltr'>uidisse</span> <span class='ocrx_word' id='word_1_63' title='bbox 1548 1125 1714 1153; x_wconf 86' lang='lat' dir='ltr'>censeo.</span> 
     </span>
     <span class='ocr_line' id='line_1_10' title="bbox 805 1178 1122 1232; baseline 0.009 -14"><span class='ocrx_word' id='word_1_64' title='bbox 805 1178 1122 1232; x_wconf 87' lang='lat' dir='ltr'>Amphitruo</span> 
     </span>
    </p>

    <p class='ocr_par' dir='ltr' id='par_1_5' title="bbox 212 1250 1547 1305">
     <span class='ocr_line' id='line_1_11' title="bbox 212 1250 1547 1305; baseline 0.004 -13"><span class='ocrx_word' id='word_1_65' title='bbox 212 1251 442 1305; x_wconf 86' lang='lat' dir='ltr'>Blepharo,</span> <span class='ocrx_word' id='word_1_66' title='bbox 475 1264 638 1304; x_wconf 82' lang='lat' dir='ltr'>quaeso</span> <span class='ocrx_word' id='word_1_67' title='bbox 670 1254 719 1291; x_wconf 92' lang='lat' dir='ltr'>ut</span> <span class='ocrx_word' id='word_1_68' title='bbox 751 1250 990 1292; x_wconf 85' lang='lat' dir='ltr'>aduocatus</span> <span class='ocrx_word' id='word_1_69' title='bbox 1022 1252 1081 1292; x_wconf 90' lang='lat' dir='ltr'>mi</span> <span class='ocrx_word' id='word_1_70' title='bbox 1113 1251 1229 1294; x_wconf 87' lang='lat' dir='ltr'>adsis</span> <span class='ocrx_word' id='word_1_71' title='bbox 1262 1268 1369 1295; x_wconf 86' lang='lat' dir='ltr'>neue</span> <span class='ocrx_word' id='word_1_72' title='bbox 1403 1254 1547 1297; x_wconf 83' lang='lat' dir='ltr'>abeas.</span> 
     </span>
    </p>

    <p class='ocr_par' dir='ltr' id='par_1_6' title="bbox 212 1323 1714 1768">
     <span class='ocr_line' id='line_1_12' title="bbox 832 1323 1101 1377; baseline 0.007 -14"><span class='ocrx_word' id='word_1_73' title='bbox 832 1323 1101 1377; x_wconf 85' lang='lat' dir='ltr'>Blepharo</span> 
     </span>
     <span class='ocr_line' id='line_1_13' title="bbox 1564 1384 1685 1426; baseline 0.008 -1"><span class='ocrx_word' id='word_1_74' title='bbox 1564 1384 1685 1426; x_wconf 82' lang='lat' dir='ltr'>Uale.</span> 
     </span>
     <span class='ocr_line' id='line_1_14' title="bbox 212 1452 1637 1505; baseline 0.003 -12"><span class='ocrx_word' id='word_1_75' title='bbox 212 1452 325 1502; x_wconf 86' lang='lat' dir='ltr'>Quid</span> <span class='ocrx_word' id='word_1_76' title='bbox 356 1466 464 1505; x_wconf 87' lang='lat' dir='ltr'>opus</span> <span class='ocrx_word' id='word_1_77' title='bbox 496 1466 563 1493; x_wconf 90' lang='lat' dir='ltr'>me</span> <span class='ocrx_word' id='word_1_78' title='bbox 596 1452 823 1502; x_wconf 81' lang='lat' dir='ltr'>aduocato,</span> <span class='ocrx_word' id='word_1_79' title='bbox 857 1453 929 1504; x_wconf 85' lang='lat' dir='ltr'>qui</span> <span class='ocrx_word' id='word_1_80' title='bbox 961 1454 1049 1493; x_wconf 89' lang='lat' dir='ltr'>utri</span> <span class='ocrx_word' id='word_1_81' title='bbox 1080 1454 1160 1494; x_wconf 88' lang='lat' dir='ltr'>sim</span> <span class='ocrx_word' id='word_1_82' title='bbox 1191 1454 1431 1496; x_wconf 84' lang='lat' dir='ltr'>aduocatus</span> <span class='ocrx_word' id='word_1_83' title='bbox 1463 1457 1637 1499; x_wconf 77' lang='lat' dir='ltr'>nescio?</span> 
     </span>
     <span class='ocr_line' id='line_1_15' title="bbox 841 1524 1089 1577; baseline 0.008 -14"><span class='ocrx_word' id='word_1_84' title='bbox 841 1524 1089 1577; x_wconf 84' lang='lat' dir='ltr'>Iuppiter</span> 
     </span>
     <span class='ocr_line' id='line_1_16' title="bbox 214 1595 1186 1649; baseline 0 -12"><span class='ocrx_word' id='word_1_85' title='bbox 214 1597 333 1637; x_wconf 87' lang='lat' dir='ltr'>Intro</span> <span class='ocrx_word' id='word_1_86' title='bbox 366 1609 444 1648; x_wconf 83' lang='lat' dir='ltr'>ego</span> <span class='ocrx_word' id='word_1_87' title='bbox 478 1596 577 1636; x_wconf 90' lang='lat' dir='ltr'>hinc</span> <span class='ocrx_word' id='word_1_88' title='bbox 609 1610 680 1642; x_wconf 80' lang='lat' dir='ltr'>eo;</span> <span class='ocrx_word' id='word_1_89' title='bbox 711 1595 951 1636; x_wconf 86' lang='lat' dir='ltr'>Alcumena</span> <span class='ocrx_word' id='word_1_90' title='bbox 983 1597 1186 1649; x_wconf 83' lang='lat' dir='ltr'>parturit.</span> 
     </span>
     <span class='ocr_line' id='line_1_17' title="bbox 812 1667 1122 1721; baseline 0.003 -13"><span class='ocrx_word' id='word_1_91' title='bbox 812 1667 1122 1721; x_wconf 86' lang='lat' dir='ltr'>Amphitruo</span> 
     </span>
     <span class='ocr_line' id='line_1_18' title="bbox 1214 1725 1714 1768; baseline 0.002 -2"><span class='ocrx_word' id='word_1_92' title='bbox 1214 1725 1328 1767; x_wconf 85' lang='lat' dir='ltr'>Perii</span> <span class='ocrx_word' id='word_1_93' title='bbox 1360 1727 1500 1768; x_wconf 84' lang='lat' dir='ltr'>miser.</span> <span class='ocrx_word' id='word_1_94' title='bbox 1629 1735 1714 1767; x_wconf 84' lang='lat'>1055</span> 
     </span>
    </p>

    <p class='ocr_par' dir='ltr' id='par_1_7' title="bbox 212 1796 1664 1850">
     <span class='ocr_line' id='line_1_19' title="bbox 212 1796 1664 1850; baseline 0.002 -12"><span class='ocrx_word' id='word_1_95' title='bbox 212 1798 325 1847; x_wconf 79' lang='lat' dir='ltr'>Quid</span> <span class='ocrx_word' id='word_1_96' title='bbox 357 1811 434 1849; x_wconf 84' lang='lat' dir='ltr'>ego</span> <span class='ocrx_word' id='word_1_97' title='bbox 468 1810 555 1849; x_wconf 69' lang='lat'>(190,</span> <span class='ocrx_word' id='word_1_98' title='bbox 587 1810 716 1849; x_wconf 85' lang='lat' dir='ltr'>quem</span> <span class='ocrx_word' id='word_1_99' title='bbox 747 1796 953 1837; x_wconf 83' lang='lat' dir='ltr'>aduocati</span> <span class='ocrx_word' id='word_1_100' title='bbox 984 1797 1070 1838; x_wconf 88' lang='lat' dir='ltr'>iam</span> <span class='ocrx_word' id='word_1_101' title='bbox 1103 1802 1232 1850; x_wconf 83' lang='lat' dir='ltr'>atque</span> <span class='ocrx_word' id='word_1_102' title='bbox 1265 1799 1395 1839; x_wconf 83' lang='lat' dir='ltr'>amici</span> <span class='ocrx_word' id='word_1_103' title='bbox 1427 1799 1664 1841; x_wconf 73' lang='lat' dir='ltr'>deserunt?</span> 
     </span>
    </p>

    <p class='ocr_par' dir='ltr' id='par_1_8' title="bbox 211 1867 1683 1923">
     <span class='ocr_line' id='line_1_20' title="bbox 211 1867 1683 1923; baseline 0.001 -13"><span class='ocrx_word' id='word_1_104' title='bbox 211 1869 458 1922; x_wconf 81' lang='lat' dir='ltr'>Numquam</span> <span class='ocrx_word' id='word_1_105' title='bbox 489 1867 645 1921; x_wconf 85' lang='lat' dir='ltr'>edepol</span> <span class='ocrx_word' id='word_1_106' title='bbox 675 1883 742 1909; x_wconf 85' lang='lat' dir='ltr'>me</span> <span class='ocrx_word' id='word_1_107' title='bbox 774 1868 936 1909; x_wconf 87' lang='lat' dir='ltr'>inultus</span> <span class='ocrx_word' id='word_1_108' title='bbox 968 1869 1065 1909; x_wconf 86' lang='lat' dir='ltr'>istic</span> <span class='ocrx_word' id='word_1_109' title='bbox 1096 1869 1349 1921; x_wconf 85' lang='lat' dir='ltr'>ludificabit,</span> <span class='ocrx_word' id='word_1_110' title='bbox 1383 1871 1574 1923; x_wconf 86' lang='lat' dir='ltr'>quisquis</span> <span class='ocrx_word' id='word_1_111' title='bbox 1607 1876 1683 1912; x_wconf 78' lang='lat' dir='ltr'>est.</span> 
     </span>
    </p>

    <p class='ocr_par' dir='ltr' id='par_1_9' title="bbox 210 1940 1711 1996">
     <span class='ocr_line' id='line_1_21' title="bbox 210 1940 1711 1996; baseline 0.002 -15"><span class='ocrx_word' id='word_1_112' title='bbox 210 1941 301 1981; x_wconf 86' lang='lat' dir='ltr'>Iam</span> <span class='ocrx_word' id='word_1_113' title='bbox 335 1940 388 1995; x_wconf 75' lang='lat' dir='ltr'>ad</span> <span class='ocrx_word' id='word_1_114' title='bbox 419 1954 564 1993; x_wconf 83' lang='lat' dir='ltr'>regem</span> <span class='ocrx_word' id='word_1_115' title='bbox 595 1944 718 1980; x_wconf 82' lang='lat' dir='ltr'>recta</span> <span class='ocrx_word' id='word_1_116' title='bbox 748 1954 815 1980; x_wconf 82' lang='lat' dir='ltr'>me</span> <span class='ocrx_word' id='word_1_117' title='bbox 848 1940 1005 1980; x_wconf 80' lang='lat' dir='ltr'>ducam</span> <span class='ocrx_word' id='word_1_118' title='bbox 1037 1956 1192 1994; x_wconf 85' lang='lat' dir='ltr'>resque</span> <span class='ocrx_word' id='word_1_119' title='bbox 1231 1947 1279 1983; x_wconf 89' lang='lat' dir='ltr'>ut</span> <span class='ocrx_word' id='word_1_120' title='bbox 1316 1942 1479 1982; x_wconf 81' lang='lat' dir='ltr'>factast</span> <span class='ocrx_word' id='word_1_121' title='bbox 1519 1943 1711 1996; x_wconf 80' lang='lat' dir='ltr'>eloquar.</span> 
     </span>
    </p>

    <p class='ocr_par' dir='ltr' id='par_1_10' title="bbox 211 2011 1508 2064">
     <span class='ocr_line' id='line_1_22' title="bbox 211 2011 1508 2064; baseline 0.001 -11"><span class='ocrx_word' id='word_1_122' title='bbox 211 2012 302 2064; x_wconf 85' lang='lat' dir='ltr'>Ego</span> <span class='ocrx_word' id='word_1_123' title='bbox 335 2011 407 2064; x_wconf 90' lang='lat' dir='ltr'>pol</span> <span class='ocrx_word' id='word_1_124' title='bbox 439 2011 559 2052; x_wconf 89' lang='lat' dir='ltr'>illum</span> <span class='ocrx_word' id='word_1_125' title='bbox 590 2012 778 2052; x_wconf 84' lang='lat' dir='ltr'>ulciscar</span> <span class='ocrx_word' id='word_1_126' title='bbox 809 2012 936 2052; x_wconf 84' lang='lat' dir='ltr'>hodie</span> <span class='ocrx_word' id='word_1_127' title='bbox 969 2012 1226 2054; x_wconf 85' lang='lat' dir='ltr'>Thessalum</span> <span class='ocrx_word' id='word_1_128' title='bbox 1256 2015 1508 2059; x_wconf 82' lang='lat' dir='ltr'>ueneficum,</span> 
     </span>
    </p>

    <p class='ocr_par' dir='ltr' id='par_1_11' title="bbox 211 2084 1715 2137">
     <span class='ocr_line' id='line_1_23' title="bbox 211 2084 1715 2137; baseline -0.001 -13"><span class='ocrx_word' id='word_1_129' title='bbox 211 2084 293 2134; x_wconf 79' lang='lat' dir='ltr'>Qui</span> <span class='ocrx_word' id='word_1_130' title='bbox 325 2098 532 2137; x_wconf 85' lang='lat' dir='ltr'>peruorse</span> <span class='ocrx_word' id='word_1_131' title='bbox 563 2084 841 2137; x_wconf 87' lang='lat' dir='ltr'>perturbauit</span> <span class='ocrx_word' id='word_1_132' title='bbox 872 2084 1064 2125; x_wconf 81' lang='lat' dir='ltr'>familiae</span> <span class='ocrx_word' id='word_1_133' title='bbox 1097 2089 1285 2126; x_wconf 79' lang='lat' dir='ltr'>mentem</span> <span class='ocrx_word' id='word_1_134' title='bbox 1316 2100 1449 2126; x_wconf 77' lang='lat' dir='ltr'>meae.</span> <span class='ocrx_word' id='word_1_135' title='bbox 1629 2093 1715 2124; x_wconf 83' lang='grc'><strong>1060</strong></span> 
     </span>
    </p>

    <p class='ocr_par' dir='ltr' id='par_1_12' title="bbox 211 2155 1710 2209">
     <span class='ocr_line' id='line_1_24' title="bbox 211 2155 1710 2209; baseline 0.001 -13"><span class='ocrx_word' id='word_1_136' title='bbox 211 2155 295 2197; x_wconf 80' lang='lat' dir='ltr'>Sed</span> <span class='ocrx_word' id='word_1_137' title='bbox 326 2155 401 2196; x_wconf 90' lang='lat' dir='ltr'>ubi</span> <span class='ocrx_word' id='word_1_138' title='bbox 432 2155 577 2196; x_wconf 70' lang='lat' dir='ltr'>illest?</span> <span class='ocrx_word' id='word_1_139' title='bbox 608 2155 728 2196; x_wconf 88' lang='lat' dir='ltr'>Intro</span> <span class='ocrx_word' id='word_1_140' title='bbox 761 2156 915 2209; x_wconf 84' lang='lat' dir='ltr'>edepol</span> <span class='ocrx_word' id='word_1_141' title='bbox 948 2156 1067 2208; x_wconf 82' lang='lat' dir='ltr'>abiit,</span> <span class='ocrx_word' id='word_1_142' title='bbox 1101 2157 1230 2198; x_wconf 85' lang='lat' dir='ltr'>credo</span> <span class='ocrx_word' id='word_1_143' title='bbox 1263 2158 1317 2198; x_wconf 84' lang='lat' dir='ltr'>ad</span> <span class='ocrx_word' id='word_1_144' title='bbox 1348 2172 1527 2198; x_wconf 75' lang='lat' dir='ltr'>uxorem</span> <span class='ocrx_word' id='word_1_145' title='bbox 1559 2172 1710 2198; x_wconf 83' lang='lat' dir='ltr'>meam.</span> 
     </span>
    </p>

    <p class='ocr_par' dir='ltr' id='par_1_13' title="bbox 211 2226 1598 2282">
     <span class='ocr_line' id='line_1_25' title="bbox 211 2226 1598 2282; baseline 0.003 -16"><span class='ocrx_word' id='word_1_146' title='bbox 211 2227 293 2277; x_wconf 81' lang='lat' dir='ltr'>Qui</span> <span class='ocrx_word' id='word_1_147' title='bbox 324 2241 391 2267; x_wconf 89' lang='lat' dir='ltr'>me</span> <span class='ocrx_word' id='word_1_148' title='bbox 424 2226 582 2267; x_wconf 86' lang='lat' dir='ltr'>Thebis</span> <span class='ocrx_word' id='word_1_149' title='bbox 615 2227 727 2267; x_wconf 84' lang='lat' dir='ltr'>alter</span> <span class='ocrx_word' id='word_1_150' title='bbox 757 2228 868 2268; x_wconf 88' lang='lat' dir='ltr'>uiuit</span> <span class='ocrx_word' id='word_1_151' title='bbox 899 2229 1127 2270; x_wconf 80' lang='lat' dir='ltr'>miserior?</span> <span class='ocrx_word' id='word_1_152' title='bbox 1159 2230 1263 2282; x_wconf 86' lang='lat' dir='ltr'>quid</span> <span class='ocrx_word' id='word_1_153' title='bbox 1294 2244 1408 2270; x_wconf 92' lang='lat' dir='ltr'>nunc</span> <span class='ocrx_word' id='word_1_154' title='bbox 1441 2243 1566 2281; x_wconf 85' lang='lat' dir='ltr'>agam</span> <span class='ocrx_word' id='word_1_155' title='bbox 1579 2230 1598 2269; x_wconf 67' lang='lat' dir='ltr'>i&gt;</span> 
     </span>
    </p>

    <p class='ocr_par' dir='ltr' id='par_1_14' title="bbox 211 2298 1579 2351">
     <span class='ocr_line' id='line_1_26' title="bbox 211 2298 1579 2351; baseline 0.001 -12"><span class='ocrx_word' id='word_1_156' title='bbox 211 2298 347 2348; x_wconf 85' lang='lat' dir='ltr'>Quem</span> <span class='ocrx_word' id='word_1_157' title='bbox 379 2313 526 2340; x_wconf 87' lang='lat' dir='ltr'>omnes</span> <span class='ocrx_word' id='word_1_158' title='bbox 558 2299 766 2340; x_wconf 77' lang='lat' dir='ltr'>mortales</span> <span class='ocrx_word' id='word_1_159' title='bbox 797 2300 1002 2351; x_wconf 85' lang='lat' dir='ltr'>ignorant</span> <span class='ocrx_word' id='word_1_160' title='bbox 1034 2304 1077 2341; x_wconf 89' lang='lat' dir='ltr'>et</span> <span class='ocrx_word' id='word_1_161' title='bbox 1108 2301 1335 2342; x_wconf 82' lang='lat' dir='ltr'>ludificant</span> <span class='ocrx_word' id='word_1_162' title='bbox 1366 2306 1414 2342; x_wconf 92' lang='lat' dir='ltr'>ut</span> <span class='ocrx_word' id='word_1_163' title='bbox 1445 2300 1579 2342; x_wconf 88' lang='lat' dir='ltr'>lubet.</span> 
     </span>
    </p>

    <p class='ocr_par' dir='ltr' id='par_1_15' title="bbox 211 2369 1712 2427">
     <span class='ocr_line' id='line_1_27' title="bbox 211 2369 1712 2427; baseline 0.002 -17"><span class='ocrx_word' id='word_1_164' title='bbox 211 2369 448 2421; x_wconf 77' lang='lat' dir='ltr'>Certumst,</span> <span class='ocrx_word' id='word_1_165' title='bbox 494 2370 607 2412; x_wconf 83' lang='lat' dir='ltr'>intro</span> <span class='ocrx_word' id='word_1_166' title='bbox 648 2385 845 2425; x_wconf 82' lang='lat' dir='ltr'>rumpam</span> <span class='ocrx_word' id='word_1_167' title='bbox 882 2372 924 2412; x_wconf 90' lang='lat' dir='ltr'>in</span> <span class='ocrx_word' id='word_1_168' title='bbox 964 2372 1103 2423; x_wconf 87' lang='lat' dir='ltr'>aedis;</span> <span class='ocrx_word' id='word_1_169' title='bbox 1144 2373 1218 2414; x_wconf 87' lang='lat' dir='ltr'>ubi</span> <span class='ocrx_word' id='word_1_170' title='bbox 1250 2387 1463 2427; x_wconf 84' lang='lat' dir='ltr'>quemque</span> <span class='ocrx_word' id='word_1_171' title='bbox 1496 2373 1712 2414; x_wconf 86' lang='lat' dir='ltr'>hominem</span> 
     </span>
    </p>

    <p class='ocr_par' dir='ltr' id='par_1_16' title="bbox 1167 2458 1390 2497">
     <span class='ocr_line' id='line_1_28' title="bbox 1167 2458 1390 2497; baseline 0 -12"><span class='ocrx_word' id='word_1_172' title='bbox 1167 2458 1390 2497; x_wconf 80' lang='lat' dir='ltr'>aspexero,</span> 
     </span>
    </p>

    <p class='ocr_par' dir='ltr' id='par_1_17' title="bbox 211 2530 1711 2689">
     <span class='ocr_line' id='line_1_29' title="bbox 211 2530 1711 2576; baseline 0.002 -13"><span class='ocrx_word' id='word_1_173' title='bbox 211 2531 298 2564; x_wconf 83' lang='grc'><strong>1048</strong></span> <span class='ocrx_word' id='word_1_174' title='bbox 322 2530 470 2564; x_wconf 70' lang='lat' dir='ltr'>Nonius</span> <span class='ocrx_word' id='word_1_175' title='bbox 481 2540 520 2573; x_wconf 75' lang='lat' dir='ltr'>p.</span> <span class='ocrx_word' id='word_1_176' title='bbox 543 2532 616 2564; x_wconf 78' lang='lat'>453</span> <span class='ocrx_word' id='word_1_177' title='bbox 635 2542 706 2575; x_wconf 61' lang='lat' dir='ltr'>sq:</span> <span class='ocrx_word' id='word_1_178' title='bbox 732 2532 880 2576; x_wconf 84' lang='lat' dir='ltr'>Ingredi</span> <span class='ocrx_word' id='word_1_179' title='bbox 900 2544 975 2566; x_wconf 90' lang='lat' dir='ltr'>non</span> <span class='ocrx_word' id='word_1_180' title='bbox 996 2533 1125 2575; x_wconf 81' lang='lat' dir='ltr'>solum,</span> <span class='ocrx_word' id='word_1_181' title='bbox 1153 2536 1194 2566; x_wconf 86' lang='lat' dir='ltr'>ut</span> <span class='ocrx_word' id='word_1_182' title='bbox 1219 2538 1273 2567; x_wconf 85' lang='lat' dir='ltr'>est</span> <span class='ocrx_word' id='word_1_183' title='bbox 1298 2533 1494 2567; x_wconf 78' lang='lat' dir='ltr'>manifesta</span> <span class='ocrx_word' id='word_1_184' title='bbox 1513 2533 1589 2566; x_wconf 84' lang='lat' dir='ltr'>eius</span> <span class='ocrx_word' id='word_1_185' title='bbox 1610 2533 1711 2566; x_wconf 77' lang='lat' dir='ltr'>verbi</span> 
     </span>
     <span class='ocr_line' id='line_1_30' title="bbox 278 2586 1711 2634; baseline 0.002 -14"><span class='ocrx_word' id='word_1_186' title='bbox 278 2586 520 2630; x_wconf 82' lang='lat' dir='ltr'>significatio,</span> <span class='ocrx_word' id='word_1_187' title='bbox 553 2587 616 2620; x_wconf 84' lang='lat' dir='ltr'>sed</span> <span class='ocrx_word' id='word_1_188' title='bbox 648 2592 684 2621; x_wconf 88' lang='lat' dir='ltr'>et</span> <span class='ocrx_word' id='word_1_189' title='bbox 714 2590 837 2623; x_wconf 88' lang='lat' dir='ltr'>venire</span> <span class='ocrx_word' id='word_1_190' title='bbox 869 2601 909 2623; x_wconf 80' lang='lat' dir='ltr'>ae</span> <span class='ocrx_word' id='word_1_191' title='bbox 942 2602 978 2622; x_wconf 79' lang='lat' dir='ltr'>se</span> <span class='ocrx_word' id='word_1_192' title='bbox 1011 2590 1206 2623; x_wconf 75' lang='lat' dir='ltr'>ostendere</span> <span class='ocrx_word' id='word_1_193' title='bbox 1238 2591 1458 2624; x_wconf 82' lang='lat' dir='ltr'>auctoritate</span> <span class='ocrx_word' id='word_1_194' title='bbox 1484 2590 1604 2624; x_wconf 81' lang='lat' dir='ltr'>Plauti</span> <span class='ocrx_word' id='word_1_195' title='bbox 1630 2601 1711 2634; x_wconf 87' lang='lat' dir='ltr'>pos-</span> 
     </span>
     <span class='ocr_line' id='line_1_31' title="bbox 278 2643 1196 2689; baseline 0.003 -13"><span class='ocrx_word' id='word_1_196' title='bbox 278 2655 403 2676; x_wconf 85' lang='lat' dir='ltr'>sumus</span> <span class='ocrx_word' id='word_1_197' title='bbox 430 2643 550 2676; x_wconf 81' lang='lat' dir='ltr'>dicere</span> <span class='ocrx_word' id='word_1_198' title='bbox 575 2644 613 2677; x_wconf 88' lang='lat' dir='ltr'>in</span> <span class='ocrx_word' id='word_1_199' title='bbox 638 2645 924 2689; x_wconf 77' lang='lat' dir='ltr'>Amphitryone:</span> <span class='ocrx_word' id='word_1_200' title='bbox 952 2645 1102 2679; x_wconf 76' lang='lat' dir='ltr'>Nihilne</span> <span class='ocrx_word' id='word_1_201' title='bbox 1129 2650 1196 2679; x_wconf 66' lang='lat' dir='ltr'>eto.</span> 
     </span>
    </p>

    <p class='ocr_par' dir='ltr' id='par_1_18' title="bbox 212 2699 601 2733">
     <span class='ocr_line' id='line_1_32' title="bbox 212 2699 601 2733; baseline -0.003 0"><span class='ocrx_word' id='word_1_202' title='bbox 212 2700 298 2733; x_wconf 85' lang='lat'>1049</span> <span class='ocrx_word' id='word_1_203' title='bbox 322 2700 391 2733; x_wconf 77' lang='lat' dir='ltr'>vid.</span> <span class='ocrx_word' id='word_1_204' title='bbox 419 2699 469 2733; x_wconf 83' lang='lat' dir='ltr'>ad</span> <span class='ocrx_word' id='word_1_205' title='bbox 493 2701 601 2733; x_wconf 71' lang='lat'>1033.</span> 
     </span>
    </p>

    <p class='ocr_par' dir='ltr' id='par_1_19' title="bbox 212 2755 1710 2858">
     <span class='ocr_line' id='line_1_33' title="bbox 212 2755 1710 2801; baseline 0.002 -13"><span class='ocrx_word' id='word_1_206' title='bbox 212 2756 299 2789; x_wconf 85' lang='lat'>1050</span> <span class='ocrx_word' id='word_1_207' title='bbox 322 2755 470 2789; x_wconf 69' lang='lat' dir='ltr'>Nonius,-</span> <span class='ocrx_word' id='word_1_208' title='bbox 488 2766 527 2798; x_wconf 71' lang='grc' dir='ltr'>Ρ.</span> <span class='ocrx_word' id='word_1_209' title='bbox 554 2757 650 2790; x_wconf 73' lang='lat'><em>285:</em></span> <span class='ocrx_word' id='word_1_210' title='bbox 687 2757 893 2792; x_wconf 71' lang='lat' dir='ltr'>Decernere</span> <span class='ocrx_word' id='word_1_211' title='bbox 926 2764 981 2791; x_wconf 69' lang='lat' dir='ltr'>est</span> <span class='ocrx_word' id='word_1_212' title='bbox 1007 2759 1247 2801; x_wconf 66' lang='lat' dir='ltr'>constituere,</span> <span class='ocrx_word' id='word_1_213' title='bbox 1274 2759 1426 2792; x_wconf 77' lang='lat' dir='ltr'>definire</span> <span class='ocrx_word' id='word_1_214' title='bbox 1558 2759 1710 2792; x_wconf 78' lang='lat' dir='ltr'>Plautus</span> 
     </span>
     <span class='ocr_line' id='line_1_34' title="bbox 278 2812 998 2858; baseline 0.006 -14"><span class='ocrx_word' id='word_1_215' title='bbox 278 2812 315 2845; x_wconf 89' lang='lat' dir='ltr'>in</span> <span class='ocrx_word' id='word_1_216' title='bbox 340 2812 625 2856; x_wconf 80' lang='lat' dir='ltr'>Amphitryone:</span> <span class='ocrx_word' id='word_1_217' title='bbox 652 2812 718 2855; x_wconf 84' lang='lat' dir='ltr'>Qui</span> <span class='ocrx_word' id='word_1_218' title='bbox 745 2826 904 2858; x_wconf 80' lang='lat' dir='ltr'>nequeas</span> <span class='ocrx_word' id='word_1_219' title='bbox 931 2820 998 2848; x_wconf 74' lang='lat' dir='ltr'>(etc.</span> 
     </span>
    </p>
   </div>
   <div class='ocr_carea' id='block_1_5' title="bbox 213 2869 1707 2962">
    <p class='ocr_par' dir='ltr' id='par_1_20' title="bbox 213 2869 1707 2962">
     <span class='ocr_line' id='line_1_35' title="bbox 213 2869 1707 2917; baseline 0.002 -16"><span class='ocrx_word' id='word_1_220' title='bbox 213 2869 295 2901; x_wconf 87' lang='lat'>1051</span> <span class='ocrx_word' id='word_1_221' title='bbox 323 2879 389 2902; x_wconf 83' lang='lat' dir='ltr'>uos</span> <span class='ocrx_word' id='word_1_222' title='bbox 415 2869 555 2912; x_wconf 78' lang='lat' dir='ltr'>parcite</span> <span class='ocrx_word' id='word_1_223' title='bbox 651 2872 736 2904; x_wconf 85' lang='lat'>1054</span> <span class='ocrx_word' id='word_1_224' title='bbox 767 2872 856 2915; x_wconf 87' lang='lat' dir='ltr'>quin</span> <span class='ocrx_word' id='word_1_225' title='bbox 960 2873 1044 2905; x_wconf 83' lang='grc'><strong>1056</strong></span> <span class='ocrx_word' id='word_1_226' title='bbox 1078 2884 1145 2917; x_wconf 71' lang='lat' dir='ltr'>vgt)</span> <span class='ocrx_word' id='word_1_227' title='bbox 1181 2885 1286 2916; x_wconf 80' lang='lat' dir='ltr'>quem</span> <span class='ocrx_word' id='word_1_228' title='bbox 1386 2874 1471 2906; x_wconf 81' lang='lat'>1057</span> <span class='ocrx_word' id='word_1_229' title='bbox 1502 2871 1707 2915; x_wconf 78' lang='lat' dir='ltr'>Numquem</span> 
     </span>
     <span class='ocr_line' id='line_1_36' title="bbox 276 2924 1216 2962; baseline 0.005 -5"><span class='ocrx_word' id='word_1_230' title='bbox 276 2924 483 2959; x_wconf 77' lang='lat' dir='ltr'>ludificauit</span> <span class='ocrx_word' id='word_1_231' title='bbox 568 2927 653 2961; x_wconf 75' lang='lat'>1058</span> <span class='ocrx_word' id='word_1_232' title='bbox 677 2927 772 2961; x_wconf 84' lang='lat' dir='ltr'>Nam</span> <span class='ocrx_word' id='word_1_233' title='bbox 799 2929 867 2961; x_wconf 80' lang='lat' dir='ltr'>iam</span> <span class='ocrx_word' id='word_1_234' title='bbox 956 2930 1041 2962; x_wconf 82' lang='lat'>1064</span> <span class='ocrx_word' id='word_1_235' title='bbox 1066 2929 1216 2962; x_wconf 75' lang='lat' dir='ltr'>aedibus</span> 
     </span>
    </p>
   </div>
   <div class='ocr_carea' id='block_1_6' title="bbox 1395 2997 1434 3029">
    <p class='ocr_par' dir='ltr' id='par_1_21' title="bbox 1395 2997 1434 3029">
     <span class='ocr_line' id='line_1_37' title="bbox 1395 2997 1434 3029; baseline 0 0"><span class='ocrx_word' id='word_1_236' title='bbox 1395 2997 1434 3029; x_wconf 66' lang='lat'>5³³</span> 
     </span>
    </p>
   </div>
  </div>
 </body>
</html>
