1926 3275
826 299 867 333 v.
893 301 1084 334 442—469.
1626 306 1706 346 279
1739 278 1742 281 .

201 448 259 454 -—-
283 429 377 465 458.
401 427 485 464 Hoc
511 427 680 477 quidem,
713 432 757 465 ut
789 442 829 466 se
860 429 977 467 herus
1009 443 1087 466 non
1116 432 1317 477 agnoscat,
1350 433 1489 479 optare
1521 444 1561 467 se
1593 431 1707 478 dicit3

202 497 257 533 ita
290 496 392 533 enim
422 496 592 533 liberum
623 496 719 533 fore.
780 496 929 534 Notum
968 501 1028 534 est
1068 510 1221 544 servos,
1262 511 1382 547 quum
1421 511 1539 535 manu
1578 501 1708 536 mitte-

201 567 354 610 rentur,
387 567 432 601 ut
461 563 630 601 liberum
663 568 782 614 caput
813 565 853 601 in
877 569 1081 614 posterum
1106 565 1353 614 praeferrent,
1381 566 1528 603 crinem
1553 580 1708 605 omnem

201 631 432 681 deposuisse
463 645 673 682 rasumque
706 636 840 682 caput,
868 633 992 670 donee
1020 634 1236 670 crevissent
1260 633 1406 683 capilli,
1428 634 1533 682 pileo
1548 636 1708 672 texisse.

200 699 367 737 Versum
405 699 569 737 laudant
607 703 645 737 et
683 701 884 750 explicant
924 704 964 738 et
995 700 1154 738 Servius
1193 701 1243 738 ad
1273 701 1365 738 AEn.
1398 701 1511 749 VIII,
1548 703 1626 739 564
1669 707 1708 740 et

200 767 352 804 Nonius
383 781 421 817 p.
451 769 543 805 528.
590 767 768 817 Uterque
801 782 887 805 cum
914 768 1027 806 codd.
1053 769 1252 806 Plautinis
1285 770 1482 806 consentit
1512 771 1552 807 in
1584 773 1707 820 scrip-

200 840 294 872 tura
333 831 388 874 Ut
418 846 489 885 esso
519 832 651 883 hodie,
683 850 771 874 cum
801 837 925 874 hiatu,
988 836 1152 886 Lingius
1183 836 1374 874 malebat:
1412 837 1506 884 „Uti
1538 850 1610 886 ego
1640 838 1703 876 h.“

201 917 288 941 oum
326 903 439 940 hiatu
477 908 568 953 post
611 902 736 951 „uti‘⁴,
771 904 990 942 Camerar.:
1029 904 1114 950 „hic
1146 903 1313 951 hodie“;
1354 905 1401 942 R.
1433 909 1473 942 et
1502 905 1562 943 Fl.
1594 907 1706 956 praef.

200 985 239 1021 p.
271 971 402 1009 XVII:
450 971 528 1018 „Ut
566 984 638 1020 ego
678 986 768 1009 raso
801 973 929 1022 capite
961 972 1091 1009 caluos
1122 972 1241 1009 hodie
1273 986 1303 1010 c.
1336 971 1424 1022 p.“;
1457 973 1504 1011 R.
1537 975 1578 1010 in
1607 974 1706 1012 Nov.

200 1038 294 1076 Exc.
339 1037 569 1085 ‚‚hocedie“.
609 1034 678 1077 'Si
717 1040 849 1077 hiatus
888 1040 1150 1077 removendus
1190 1044 1268 1087 est,
1310 1054 1381 1090 ego
1426 1041 1521 1087 „hoc
1560 1040 1702 1079 hodie“

200 1107 424 1157 scripserim
469 1111 635 1157 propter
678 1108 847 1157 proximi
893 1121 1031 1145 versus
1078 1109 1292 1155 rationem,
1340 1109 1409 1146 ubi
1454 1105 1576 1147 hodie
1615 1113 1708 1160 post

205 1174 326 1221 „hoc‘⁴
363 1189 412 1212 ex
441 1175 479 1212 h.
513 1188 548 1212 v,
581 1176 789 1226 irrepsisse
821 1176 1003 1214 Lindem.
1036 1176 1148 1213 vidit.

315 1379 534 1429 Postquam
572 1379 670 1416 abiit
710 1379 838 1427 Sosia⁷
885 1381 1107 1418 Mercurius
1154 1380 1308 1418 abiecto
1355 1382 1535 1428 graviore
1582 1386 1706 1420 metro

200 1448 366 1485 senariis
389 1447 568 1484 versibus
593 1461 724 1485 secum
748 1449 977 1498 colloquens
1004 1450 1173 1495 laetatur,
1201 1448 1306 1498 quod
1332 1448 1484 1486 Sosiam
1513 1449 1704 1498 abegerit,

201 1519 241 1553 et
273 1529 359 1565 quae
392 1515 533 1553 deinde
565 1515 702 1552 futura
733 1520 825 1553 sunt
856 1517 1050 1567 praedicit.
1113 1517 1225 1553 Talia
1254 1517 1411 1567 prologi
1443 1531 1526 1554 esse
1558 1518 1704 1565 solent3

199 1583 270 1621 sed
296 1584 390 1621 facit
414 1584 485 1621 hoe
508 1584 711 1621 interdum
735 1584 913 1632 Plautus,
947 1589 991 1623 ut
1023 1598 1101 1622 non
1131 1586 1172 1621 in
1204 1586 1290 1634 ipso
1322 1585 1466 1622 fabulae
1497 1587 1704 1635 principio,

199 1651 269 1689 sed
298 1655 390 1701 post
419 1653 586 1701 primam
626 1666 800 1699 scenam,
842 1654 1030 1703 spectatis
1068 1653 1146 1689 iam
1184 1654 1396 1703 praecipuis
1435 1653 1578 1690 fabulae
1616 1668 1705 1704 per-

199 1720 322 1766 sonis,
370 1721 492 1756 totius
539 1722 764 1768 argumenti
804 1722 996 1758 rationem
1038 1720 1328 1770 spectatoribus
1368 1725 1542 1767 enarret,
1581 1726 1626 1758 ut
1664 1723 1706 1759 in

199 1786 422 1824 Cistellaria
454 1792 492 1825 et
523 1789 563 1825 in
586 1788 718 1825 Milite
749 1789 936 1838 glorioso,
970 1789 1017 1826 cf.
1045 1802 1165 1839 supra
1188 1802 1226 1837 p.
1258 1790 1348 1826 162.
1396 1788 1441 1825 In
1471 1789 1544 1827 hac
1576 1793 1706 1827 autem

198 1855 334 1893 fabula
372 1870 515 1893 novum
557 1860 634 1903 est,
675 1857 782 1906 quod
820 1856 924 1893 idem
964 1860 1133 1906 utroque
1179 1857 1267 1894 loco
1312 1856 1357 1893 fit
1406 1860 1446 1894 et
1485 1857 1706 1895 Mercurius

199 1936 298 1970 eam,
332 1937 449 1974 quam
482 1925 521 1961 in
552 1924 718 1973 prologo
750 1925 925 1961 instituit
956 1926 1179 1973 argumenti
1204 1926 1506 1972 enarrationem,
1532 1925 1595 1963 hic
1618 1939 1706 1976 per-

200 1993 393 2042 sequitur.
440 1992 481 2029 Si
513 1996 643 2029 autem
675 2006 765 2029 vere
797 1994 1007 2030 statuimus
1039 1993 1246 2043 prologum
1278 2006 1355 2029 non
1387 1992 1435 2029 ab
1462 1993 1547 2042 ipso
1563 1993 1706 2030 Plauto

198 2060 420 2111 profectum
452 2074 546 2106 esse,
581 2064 748 2110 apparet
781 2074 836 2107 ea,
867 2075 953 2110 quae
979 2062 1138 2111 prologi
1162 2063 1431 2098 narrationem
1456 2062 1705 2108 continuant,

199 2142 275 2166 vss.
310 2129 548 2174 475-491,
584 2132 621 2165 et
654 2130 742 2178 ipsa
771 2132 912 2178 postea
943 2129 1081 2166 addita
1113 2143 1196 2166 esse
1229 2133 1266 2165 et
1299 2129 1457 2178 quidem
1489 2129 1537 2166 ab
1570 2129 1707 2166 eodem

200 2199 374 2233 auctore.

315 2265 410 2301 459.
457 2263 601 2300 Versus
647 2265 751 2301 iusto
798 2264 966 2314 longior.
1043 2265 1158 2302 Both.
1210 2263 1387 2314 „operis“
1437 2265 1588 2311 omisit,
1637 2278 1707 2302 nos

200 2345 287 2369 eum
318 2331 591 2369 Lindemanno
631 2332 799 2381 aliisque
844 2331 1026 2379 „hodie“‚
1070 2333 1149 2370 vid.
1192 2333 1242 2369 ad
1281 2346 1316 2370 V.
1352 2333 1446 2371 458.
1509 2333 1708 2370 Praeterea

199 2401 352 2440 Usener
382 2400 423 2436 in
454 2399 536 2436 ind.
570 2399 689 2437 schol.
716 2399 928 2449 Gryphisv.
966 2401 1071 2437 1866
1104 2415 1142 2450 p.
1179 2401 1227 2438 16
1265 2400 1396 2447 „Bene
1426 2414 1499 2450 pro
1530 2399 1702 2450 speque“

198 2468 408 2518 legendum
433 2467 628 2513 censebat,
650 2467 851 2517 eleganter
868 2469 991 2518 magis
1008 2482 1126 2517 quam
1142 2469 1380 2505 necessario.
1403 2488 1452 2493 —-
1474 2469 1569 2506 463.
1589 2465 1705 2506 Nm·-

198 2533 311 2574 ‘rab‘it
341 2537 432 2573 olim
465 2535 737 2583 emendatum3
770 2539 814 2572 ut
848 2537 942 2573 473.
974 2556 1032 2561 --
1062 2537 1157 2574 464.
1192 2534 1314 2584 adeo,
1349 2540 1500 2583 autem,
1535 2536 1582 2573 cf.
1615 2537 1706 2573 Aul.

202 2605 303 2642 730:
357 2604 425 2650 „Id
466 2603 564 2641 adeo
603 2608 642 2640 tc
682 2608 838 2641 oratum
871 2602 1080 2642 advenio“.
1141 2604 1281 2641 Bacch.
1317 2605 1418 2642 822:
1472 2604 1578 2654 „Ego
1611 2604 1708 2641 adeo

201 2685 414 2722 numquam
461 2671 690 2722 accipiam“.
752 2672 847 2709 ibid.
883 2673 977 2709 961.
1039 2672 1156 2721 Epid.
1191 2673 1255 2709 54.
1302 2674 1393 2709 170.
1455 2672 1542 2710 Mil.
1586 2674 1706 2709 1184.

201 2740 323 2777 Mero.
359 2741 452 2777 230.
500 2740 657 2777 Trucul.
693 2741 786 2777 835.
827 2740 875 2776 al.
915 2760 972 2765 ——
1012 2741 1106 2778 467.
1148 2741 1244 2778 Post
1289 2750 1448 2778 onmem
1493 2741 1623 2778 hiatus
1668 2741 1708 2777 in

203 2821 363 2845 caesura.
411 2808 471 2844 Fl.
498 2812 649 2858 transp.
679 2807 1006 2858 „Amphitruonis
1034 2808 1228 2856 omnem“‚
1261 2809 1407 2846 Miiller
1433 2810 1533 2846 coni.
1570 2808 1708 2854 „Com-

203 2875 408 2926 pleuero“.
427 2896 481 2901 —-
499 2877 594 2912 469.
612 2886 735 2925 quam
760 2890 838 2914 nou
863 2877 1036 2914 eliditur.
1054 2897 1110 2901 —
1126 2874 1252 2927 iyltztr
1277 2874 1452 2924 demum,
1478 2876 1525 2913 cf.
1545 2876 1594 2913 ad
1613 2877 1707 2913 207.
