<?xml version="1.0" encoding="UTF-8"?>
<!DOCTYPE html PUBLIC "-//W3C//DTD XHTML 1.0 Transitional//EN"
    "http://www.w3.org/TR/xhtml1/DTD/xhtml1-transitional.dtd">
<html xmlns="http://www.w3.org/1999/xhtml" xml:lang="en" lang="en">
 <head>
  <title>
</title>
<meta http-equiv="Content-Type" content="text/html;charset=utf-8" />
  <meta name='ocr-system' content='tesseract 3.04.00' />
  <meta name='ocr-capabilities' content='ocr_page ocr_carea ocr_par ocr_line ocrx_word'/>
</head>
<body>
  <div class='ocr_page' id='page_1' title='image "./comoediaerecensv01plauuoft_0212.png"; bbox 0 0 1926 3275; ppageno 0'>
   <div class='ocr_carea' id='block_1_1' title="bbox 275 348 1166 393">
    <p class='ocr_par' dir='ltr' id='par_1_1' title="bbox 275 348 1166 393">
     <span class='ocr_line' id='line_1_1' title="bbox 275 348 1166 393; baseline 0.001 -11"><span class='ocrx_word' id='word_1_1' title='bbox 275 352 295 391; x_wconf 90' lang='lat'>1</span> <span class='ocrx_word' id='word_1_2' title='bbox 302 353 357 391; x_wconf 84' lang='grc'>94</span> <span class='ocrx_word' id='word_1_3' title='bbox 884 348 1166 393; x_wconf 87' lang='lat' dir='ltr'>Prolegomena..</span> 
     </span>
    </p>
   </div>
   <div class='ocr_carea' id='block_1_2' title="bbox 260 477 1780 2769">
    <p class='ocr_par' dir='ltr' id='par_1_2' title="bbox 261 477 1780 2629">
     <span class='ocr_line' id='line_1_2' title="bbox 271 477 1780 527; baseline 0 -12"><span class='ocrx_word' id='word_1_4' title='bbox 271 491 391 515; x_wconf 88' lang='lat' dir='ltr'>unam</span> <span class='ocrx_word' id='word_1_5' title='bbox 435 478 593 527; x_wconf 87' lang='lat' dir='ltr'>longam</span> <span class='ocrx_word' id='word_1_6' title='bbox 639 480 708 515; x_wconf 88' lang='lat' dir='ltr'>aut</span> <span class='ocrx_word' id='word_1_7' title='bbox 752 477 850 514; x_wconf 93' lang='lat' dir='ltr'>duas</span> <span class='ocrx_word' id='word_1_8' title='bbox 894 477 1034 515; x_wconf 85' lang='lat' dir='ltr'>breves</span> <span class='ocrx_word' id='word_1_9' title='bbox 1079 477 1269 527; x_wconf 78' lang='lat' dir='ltr'><strong>requirit,</strong></span> <span class='ocrx_word' id='word_1_10' title='bbox 1309 481 1483 527; x_wconf 90' lang='lat' dir='ltr'>ponatur</span> <span class='ocrx_word' id='word_1_11' title='bbox 1519 477 1652 515; x_wconf 88' lang='lat' dir='ltr'>brevis</span> <span class='ocrx_word' id='word_1_12' title='bbox 1691 491 1780 515; x_wconf 88' lang='lat' dir='ltr'>cum</span> 
     </span>
     <span class='ocr_line' id='line_1_3' title="bbox 270 543 1778 595; baseline 0.001 -12"><span class='ocrx_word' id='word_1_13' title='bbox 270 546 390 594; x_wconf 86' lang='lat' dir='ltr'>longa</span> <span class='ocrx_word' id='word_1_14' title='bbox 422 543 624 594; x_wconf 88' lang='lat' dir='ltr'>(iambus).</span> <span class='ocrx_word' id='word_1_15' title='bbox 683 545 770 583; x_wconf 91' lang='lat' dir='ltr'>Hoc</span> <span class='ocrx_word' id='word_1_16' title='bbox 807 558 884 582; x_wconf 91' lang='lat' dir='ltr'>non</span> <span class='ocrx_word' id='word_1_17' title='bbox 922 546 963 582; x_wconf 90' lang='lat' dir='ltr'>in</span> <span class='ocrx_word' id='word_1_18' title='bbox 997 545 1081 583; x_wconf 90' lang='lat' dir='ltr'>solo</span> <span class='ocrx_word' id='word_1_19' title='bbox 1112 546 1241 595; x_wconf 88' lang='lat' dir='ltr'>primo</span> <span class='ocrx_word' id='word_1_20' title='bbox 1272 559 1410 584; x_wconf 88' lang='lat' dir='ltr'>versus</span> <span class='ocrx_word' id='word_1_21' title='bbox 1441 546 1542 595; x_wconf 90' lang='lat' dir='ltr'>pede</span> <span class='ocrx_word' id='word_1_22' title='bbox 1572 545 1636 594; x_wconf 90' lang='lat' dir='ltr'>fit,</span> <span class='ocrx_word' id='word_1_23' title='bbox 1670 545 1778 595; x_wconf 86' lang='lat' dir='ltr'>quod</span> 
     </span>
     <span class='ocr_line' id='line_1_4' title="bbox 271 613 1779 664; baseline 0 -13"><span class='ocrx_word' id='word_1_24' title='bbox 271 628 392 664; x_wconf 89' lang='lat' dir='ltr'>supra</span> <span class='ocrx_word' id='word_1_25' title='bbox 423 614 824 660; x_wconf 81' lang='lat' dir='ltr'>commemoravimus,</span> <span class='ocrx_word' id='word_1_26' title='bbox 856 626 895 662; x_wconf 90' lang='lat' dir='ltr'>p.</span> <span class='ocrx_word' id='word_1_27' title='bbox 927 614 1019 650; x_wconf 92' lang='lat'>181.</span> <span class='ocrx_word' id='word_1_28' title='bbox 1051 614 1142 660; x_wconf 84' lang='lat'>184,</span> <span class='ocrx_word' id='word_1_29' title='bbox 1176 613 1245 651; x_wconf 89' lang='lat' dir='ltr'>sed</span> <span class='ocrx_word' id='word_1_30' title='bbox 1277 615 1397 651; x_wconf 90' lang='lat' dir='ltr'>etiam</span> <span class='ocrx_word' id='word_1_31' title='bbox 1428 615 1469 651; x_wconf 91' lang='lat' dir='ltr'>in</span> <span class='ocrx_word' id='word_1_32' title='bbox 1500 614 1599 661; x_wconf 89' lang='lat' dir='ltr'>aliis,</span> <span class='ocrx_word' id='word_1_33' title='bbox 1631 613 1699 651; x_wconf 87' lang='lat' dir='ltr'>ubi</span> <span class='ocrx_word' id='word_1_34' title='bbox 1730 627 1779 651; x_wconf 85' lang='lat' dir='ltr'>ex</span> 
     </span>
     <span class='ocr_line' id='line_1_5' title="bbox 269 681 1778 732; baseline 0 -13"><span class='ocrx_word' id='word_1_35' title='bbox 269 682 387 719; x_wconf 87' lang='lat' dir='ltr'>metri</span> <span class='ocrx_word' id='word_1_36' title='bbox 423 685 568 719; x_wconf 90' lang='lat' dir='ltr'>natura</span> <span class='ocrx_word' id='word_1_37' title='bbox 606 681 714 718; x_wconf 87' lang='lat' dir='ltr'>nulla</span> <span class='ocrx_word' id='word_1_38' title='bbox 753 681 954 719; x_wconf 75' lang='lat' dir='ltr'>excusatio</span> <span class='ocrx_word' id='word_1_39' title='bbox 993 681 1079 731; x_wconf 88' lang='lat' dir='ltr'>peti</span> <span class='ocrx_word' id='word_1_40' title='bbox 1114 682 1263 730; x_wconf 81' lang='lat' dir='ltr'>possit3</span> <span class='ocrx_word' id='word_1_41' title='bbox 1303 695 1395 719; x_wconf 89' lang='lat' dir='ltr'>nam</span> <span class='ocrx_word' id='word_1_42' title='bbox 1433 681 1676 732; x_wconf 87' lang='lat' dir='ltr'>Geppertus,</span> <span class='ocrx_word' id='word_1_43' title='bbox 1709 681 1778 731; x_wconf 87' lang='lat' dir='ltr'>qui</span> 
     </span>
     <span class='ocr_line' id='line_1_6' title="bbox 269 748 1778 800; baseline 0 -13"><span class='ocrx_word' id='word_1_44' title='bbox 269 763 342 800; x_wconf 90' lang='lat' dir='ltr'>pro</span> <span class='ocrx_word' id='word_1_45' title='bbox 370 749 526 798; x_wconf 79' lang='lat' dir='ltr'>dactylo</span> <span class='ocrx_word' id='word_1_46' title='bbox 558 750 757 796; x_wconf 88' lang='lat' dir='ltr'>creticum,</span> <span class='ocrx_word' id='word_1_47' title='bbox 790 762 863 798; x_wconf 88' lang='lat' dir='ltr'>pro</span> <span class='ocrx_word' id='word_1_48' title='bbox 893 748 1099 797; x_wconf 88' lang='lat' dir='ltr'>tribrachy</span> <span class='ocrx_word' id='word_1_49' title='bbox 1131 749 1442 799; x_wconf 76' lang='lat' dir='ltr'>amphibrachyn</span> <span class='ocrx_word' id='word_1_50' title='bbox 1473 753 1541 787; x_wconf 87' lang='lat' dir='ltr'>aut</span> <span class='ocrx_word' id='word_1_51' title='bbox 1570 749 1778 787; x_wconf 86' lang='lat' dir='ltr'>bacchium</span> 
     </span>
     <span class='ocr_line' id='line_1_7' title="bbox 268 816 1775 866; baseline 0 -11"><span class='ocrx_word' id='word_1_52' title='bbox 268 817 456 864; x_wconf 75' lang='lat' dir='ltr'>admittit,</span> <span class='ocrx_word' id='word_1_53' title='bbox 487 816 585 854; x_wconf 88' lang='lat' dir='ltr'>mihi</span> <span class='ocrx_word' id='word_1_54' title='bbox 611 817 769 866; x_wconf 89' lang='lat' dir='ltr'>quidem</span> <span class='ocrx_word' id='word_1_55' title='bbox 794 820 922 854; x_wconf 90' lang='lat' dir='ltr'>metra</span> <span class='ocrx_word' id='word_1_56' title='bbox 946 820 1123 855; x_wconf 82' lang='lat' dir='ltr'>evertere</span> <span class='ocrx_word' id='word_1_57' title='bbox 1147 817 1321 855; x_wconf 79' lang='lat' dir='ltr'>videtur.</span> <span class='ocrx_word' id='word_1_58' title='bbox 1369 818 1499 864; x_wconf 80' lang='lat' dir='ltr'>Quare</span> <span class='ocrx_word' id='word_1_59' title='bbox 1522 831 1680 855; x_wconf 89' lang='lat' dir='ltr'>necesse</span> <span class='ocrx_word' id='word_1_60' title='bbox 1703 820 1775 864; x_wconf 90' lang='lat' dir='ltr'>est,</span> 
     </span>
     <span class='ocr_line' id='line_1_8' title="bbox 270 885 1779 936; baseline 0 -14"><span class='ocrx_word' id='word_1_61' title='bbox 270 888 340 922; x_wconf 88' lang='lat' dir='ltr'>aut</span> <span class='ocrx_word' id='word_1_62' title='bbox 380 885 499 934; x_wconf 87' lang='lat' dir='ltr'>longa</span> <span class='ocrx_word' id='word_1_63' title='bbox 537 885 690 933; x_wconf 88' lang='lat' dir='ltr'>syllaba</span> <span class='ocrx_word' id='word_1_64' title='bbox 727 898 801 934; x_wconf 89' lang='lat' dir='ltr'>pro</span> <span class='ocrx_word' id='word_1_65' title='bbox 840 885 951 922; x_wconf 90' lang='lat' dir='ltr'>brevi</span> <span class='ocrx_word' id='word_1_66' title='bbox 990 886 1124 936; x_wconf 89' lang='lat' dir='ltr'>posita</span> <span class='ocrx_word' id='word_1_67' title='bbox 1153 886 1223 933; x_wconf 89' lang='lat' dir='ltr'>sit,</span> <span class='ocrx_word' id='word_1_68' title='bbox 1263 889 1332 923; x_wconf 90' lang='lat' dir='ltr'>aut</span> <span class='ocrx_word' id='word_1_69' title='bbox 1371 885 1457 923; x_wconf 85' lang='lat' dir='ltr'>duae</span> <span class='ocrx_word' id='word_1_70' title='bbox 1497 885 1657 935; x_wconf 75' lang='lat' dir='ltr'>syllabae</span> <span class='ocrx_word' id='word_1_71' title='bbox 1695 886 1779 922; x_wconf 89' lang='lat' dir='ltr'>sive</span> 
     </span>
     <span class='ocr_line' id='line_1_9' title="bbox 268 953 1777 1003; baseline 0.001 -13"><span class='ocrx_word' id='word_1_72' title='bbox 268 954 539 991; x_wconf 89' lang='lat' dir='ltr'>contractione</span> <span class='ocrx_word' id='word_1_73' title='bbox 584 953 666 990; x_wconf 88' lang='lat' dir='ltr'>sive</span> <span class='ocrx_word' id='word_1_74' title='bbox 712 966 885 1003; x_wconf 86' lang='lat' dir='ltr'>syncope</span> <span class='ocrx_word' id='word_1_75' title='bbox 931 954 1038 991; x_wconf 86' lang='lat' dir='ltr'>facta</span> <span class='ocrx_word' id='word_1_76' title='bbox 1078 954 1119 991; x_wconf 90' lang='lat' dir='ltr'>in</span> <span class='ocrx_word' id='word_1_77' title='bbox 1159 967 1278 991; x_wconf 91' lang='lat' dir='ltr'>unam</span> <span class='ocrx_word' id='word_1_78' title='bbox 1320 954 1553 992; x_wconf 88' lang='lat' dir='ltr'>coaluerint.</span> <span class='ocrx_word' id='word_1_79' title='bbox 1623 953 1777 991; x_wconf 89' lang='lat' dir='ltr'>Horum</span> 
     </span>
     <span class='ocr_line' id='line_1_10' title="bbox 268 1021 1776 1072; baseline -0.001 -13"><span class='ocrx_word' id='word_1_80' title='bbox 268 1021 375 1059; x_wconf 89' lang='lat' dir='ltr'>aliud</span> <span class='ocrx_word' id='word_1_81' title='bbox 416 1021 484 1059; x_wconf 89' lang='lat' dir='ltr'>alii</span> <span class='ocrx_word' id='word_1_82' title='bbox 522 1021 813 1071; x_wconf 84' lang='lat' dir='ltr'>probaverunt3</span> <span class='ocrx_word' id='word_1_83' title='bbox 859 1035 952 1059; x_wconf 89' lang='lat' dir='ltr'>nam</span> <span class='ocrx_word' id='word_1_84' title='bbox 997 1022 1148 1072; x_wconf 85' lang='lat' dir='ltr'>ingenti</span> <span class='ocrx_word' id='word_1_85' title='bbox 1188 1022 1318 1060; x_wconf 90' lang='lat' dir='ltr'>studio</span> <span class='ocrx_word' id='word_1_86' title='bbox 1357 1022 1442 1059; x_wconf 87' lang='lat' dir='ltr'>haec</span> <span class='ocrx_word' id='word_1_87' title='bbox 1479 1035 1542 1059; x_wconf 90' lang='lat' dir='ltr'>res</span> <span class='ocrx_word' id='word_1_88' title='bbox 1581 1035 1603 1059; x_wconf 93' lang='lat' dir='ltr'>a</span> <span class='ocrx_word' id='word_1_89' title='bbox 1639 1022 1776 1059; x_wconf 89' lang='lat' dir='ltr'>multis</span> 
     </span>
     <span class='ocr_line' id='line_1_11' title="bbox 266 1089 1777 1138; baseline 0 -12"><span class='ocrx_word' id='word_1_90' title='bbox 266 1092 441 1126; x_wconf 87' lang='lat' dir='ltr'>tractata</span> <span class='ocrx_word' id='word_1_91' title='bbox 487 1092 547 1127; x_wconf 90' lang='lat' dir='ltr'>est</span> <span class='ocrx_word' id='word_1_92' title='bbox 589 1090 685 1127; x_wconf 90' lang='lat' dir='ltr'>viris</span> <span class='ocrx_word' id='word_1_93' title='bbox 728 1089 869 1127; x_wconf 88' lang='lat' dir='ltr'>doctis.</span> <span class='ocrx_word' id='word_1_94' title='bbox 930 1090 1084 1138; x_wconf 89' lang='lat' dir='ltr'>Agmen</span> <span class='ocrx_word' id='word_1_95' title='bbox 1122 1089 1231 1127; x_wconf 87' lang='lat' dir='ltr'>ducit</span> <span class='ocrx_word' id='word_1_96' title='bbox 1267 1090 1496 1128; x_wconf 86' lang='lat' dir='ltr'>Fridericus</span> <span class='ocrx_word' id='word_1_97' title='bbox 1534 1090 1777 1127; x_wconf 86' lang='lat' dir='ltr'>Ritschelius</span> 
     </span>
     <span class='ocr_line' id='line_1_12' title="bbox 265 1157 1776 1207; baseline 0.001 -14"><span class='ocrx_word' id='word_1_98' title='bbox 265 1157 559 1207; x_wconf 84' lang='lat' dir='ltr'>prolegomenis</span> <span class='ocrx_word' id='word_1_99' title='bbox 590 1157 640 1194; x_wconf 88' lang='lat' dir='ltr'>ad</span> <span class='ocrx_word' id='word_1_100' title='bbox 657 1157 929 1195; x_wconf 85' lang='lat' dir='ltr'>Trinummum</span> <span class='ocrx_word' id='word_1_101' title='bbox 957 1172 989 1195; x_wconf 88' lang='lat' dir='ltr'>a.</span> <span class='ocrx_word' id='word_1_102' title='bbox 1020 1159 1127 1195; x_wconf 85' lang='lat'>1848</span> <span class='ocrx_word' id='word_1_103' title='bbox 1161 1158 1298 1206; x_wconf 82' lang='lat' dir='ltr'>editis3</span> <span class='ocrx_word' id='word_1_104' title='bbox 1332 1161 1490 1195; x_wconf 89' lang='lat' dir='ltr'>secutus</span> <span class='ocrx_word' id='word_1_105' title='bbox 1514 1161 1573 1195; x_wconf 88' lang='lat' dir='ltr'>est</span> <span class='ocrx_word' id='word_1_106' title='bbox 1586 1157 1776 1195; x_wconf 85' lang='lat' dir='ltr'>Alfredus</span> 
     </span>
     <span class='ocr_line' id='line_1_13' title="bbox 265 1224 1777 1275; baseline 0 -13"><span class='ocrx_word' id='word_1_107' title='bbox 265 1224 519 1272; x_wconf 84' lang='lat' dir='ltr'>Fleckeisen,</span> <span class='ocrx_word' id='word_1_108' title='bbox 559 1226 740 1274; x_wconf 86' lang='lat' dir='ltr'>egregius</span> <span class='ocrx_word' id='word_1_109' title='bbox 786 1226 895 1263; x_wconf 90' lang='lat' dir='ltr'>illius</span> <span class='ocrx_word' id='word_1_110' title='bbox 941 1225 1128 1263; x_wconf 86' lang='lat' dir='ltr'>editionis</span> <span class='ocrx_word' id='word_1_111' title='bbox 1169 1239 1325 1274; x_wconf 87' lang='lat' dir='ltr'>censor,</span> <span class='ocrx_word' id='word_1_112' title='bbox 1365 1226 1509 1263; x_wconf 89' lang='lat' dir='ltr'>Annal.</span> <span class='ocrx_word' id='word_1_113' title='bbox 1550 1225 1690 1275; x_wconf 91' lang='lat' dir='ltr'>philol.</span> <span class='ocrx_word' id='word_1_114' title='bbox 1737 1228 1777 1263; x_wconf 89' lang='lat' dir='ltr'>et</span> 
     </span>
     <span class='ocr_line' id='line_1_14' title="bbox 264 1292 1775 1343; baseline 0.001 -14"><span class='ocrx_word' id='word_1_115' title='bbox 264 1292 471 1343; x_wconf 82' lang='lat' dir='ltr'>paedagog.</span> <span class='ocrx_word' id='word_1_116' title='bbox 517 1292 611 1330; x_wconf 82' lang='lat' dir='ltr'>voll.</span> <span class='ocrx_word' id='word_1_117' title='bbox 652 1293 725 1330; x_wconf 89' lang='lat' dir='ltr'>LX</span> <span class='ocrx_word' id='word_1_118' title='bbox 771 1297 810 1330; x_wconf 91' lang='lat' dir='ltr'>et</span> <span class='ocrx_word' id='word_1_119' title='bbox 854 1293 958 1331; x_wconf 89' lang='lat' dir='ltr'><strong>LXI.</strong></span> <span class='ocrx_word' id='word_1_120' title='bbox 1010 1295 1131 1331; x_wconf 84' lang='lat'>1850.</span> <span class='ocrx_word' id='word_1_121' title='bbox 1183 1295 1309 1341; x_wconf 80' lang='lat'>18513</span> <span class='ocrx_word' id='word_1_122' title='bbox 1358 1293 1499 1331; x_wconf 87' lang='lat' dir='ltr'>deinde</span> <span class='ocrx_word' id='word_1_123' title='bbox 1539 1293 1775 1331; x_wconf 89' lang='lat' dir='ltr'>Theodorus</span> 
     </span>
     <span class='ocr_line' id='line_1_15' title="bbox 264 1360 1774 1412; baseline 0.001 -15"><span class='ocrx_word' id='word_1_124' title='bbox 264 1360 397 1410; x_wconf 85' lang='lat' dir='ltr'>Bergk</span> <span class='ocrx_word' id='word_1_125' title='bbox 449 1361 568 1398; x_wconf 86' lang='lat' dir='ltr'>variis</span> <span class='ocrx_word' id='word_1_126' title='bbox 623 1361 994 1412; x_wconf 86' lang='lat' dir='ltr'>disputatiunculis,</span> <span class='ocrx_word' id='word_1_127' title='bbox 1042 1362 1172 1400; x_wconf 83' lang='lat' dir='ltr'>Julius</span> <span class='ocrx_word' id='word_1_128' title='bbox 1218 1362 1332 1409; x_wconf 85' lang='lat' dir='ltr'>Brix,</span> <span class='ocrx_word' id='word_1_129' title='bbox 1379 1362 1561 1399; x_wconf 85' lang='lat' dir='ltr'>Andreas</span> <span class='ocrx_word' id='word_1_130' title='bbox 1606 1361 1774 1411; x_wconf 85' lang='lat' dir='ltr'>Spengel</span> 
     </span>
     <span class='ocr_line' id='line_1_16' title="bbox 264 1428 1773 1478; baseline 0.001 -13"><span class='ocrx_word' id='word_1_131' title='bbox 264 1428 419 1476; x_wconf 88' lang='lat' dir='ltr'>libello,</span> <span class='ocrx_word' id='word_1_132' title='bbox 461 1429 527 1478; x_wconf 87' lang='lat' dir='ltr'>qui</span> <span class='ocrx_word' id='word_1_133' title='bbox 565 1430 799 1467; x_wconf 85' lang='lat' dir='ltr'>inscribitur</span> <span class='ocrx_word' id='word_1_134' title='bbox 842 1430 909 1477; x_wconf 87' lang='lat' dir='ltr'>„T.</span> <span class='ocrx_word' id='word_1_135' title='bbox 942 1430 1117 1468; x_wconf 86' lang='lat' dir='ltr'>Maccius</span> <span class='ocrx_word' id='word_1_136' title='bbox 1147 1430 1325 1468; x_wconf 88' lang='lat' dir='ltr'>Plautus.</span> <span class='ocrx_word' id='word_1_137' title='bbox 1377 1430 1531 1477; x_wconf 88' lang='lat' dir='ltr'>Kritik,</span> <span class='ocrx_word' id='word_1_138' title='bbox 1569 1429 1773 1477; x_wconf 90' lang='lat' dir='ltr'>Prosodie,</span> 
     </span>
     <span class='ocr_line' id='line_1_17' title="bbox 263 1495 1774 1548; baseline 0 -14"><span class='ocrx_word' id='word_1_139' title='bbox 263 1496 427 1535; x_wconf 87' lang='lat' dir='ltr'>Metrik.</span> <span class='ocrx_word' id='word_1_140' title='bbox 472 1495 621 1544; x_wconf 82' lang='lat'>1865“,</span> <span class='ocrx_word' id='word_1_141' title='bbox 677 1497 796 1535; x_wconf 87' lang='lat' dir='ltr'>Crain</span> <span class='ocrx_word' id='word_1_142' title='bbox 840 1499 882 1535; x_wconf 90' lang='lat' dir='ltr'>in</span> <span class='ocrx_word' id='word_1_143' title='bbox 927 1498 1124 1546; x_wconf 83' lang='lat' dir='ltr'>Philolog.</span> <span class='ocrx_word' id='word_1_144' title='bbox 1165 1497 1242 1545; x_wconf 89' lang='lat' dir='ltr'>IX,</span> <span class='ocrx_word' id='word_1_145' title='bbox 1291 1498 1467 1548; x_wconf 86' lang='lat' dir='ltr'>Wagner</span> <span class='ocrx_word' id='word_1_146' title='bbox 1510 1499 1552 1535; x_wconf 89' lang='lat' dir='ltr'>in</span> <span class='ocrx_word' id='word_1_147' title='bbox 1598 1497 1774 1535; x_wconf 89' lang='lat' dir='ltr'>editione</span> 
     </span>
     <span class='ocr_line' id='line_1_18' title="bbox 262 1565 1770 1614; baseline 0 -12"><span class='ocrx_word' id='word_1_148' title='bbox 262 1565 492 1613; x_wconf 84' lang='lat' dir='ltr'>Aululariae,</span> <span class='ocrx_word' id='word_1_149' title='bbox 524 1565 695 1614; x_wconf 86' lang='lat' dir='ltr'>Ramsay</span> <span class='ocrx_word' id='word_1_150' title='bbox 719 1567 760 1602; x_wconf 89' lang='lat' dir='ltr'>in</span> <span class='ocrx_word' id='word_1_151' title='bbox 782 1566 1044 1614; x_wconf 83' lang='lat' dir='ltr'>Mostellaria,</span> <span class='ocrx_word' id='word_1_152' title='bbox 1072 1566 1204 1604; x_wconf 80' lang='lat' dir='ltr'>Christ</span> <span class='ocrx_word' id='word_1_153' title='bbox 1226 1567 1268 1603; x_wconf 89' lang='lat' dir='ltr'>in</span> <span class='ocrx_word' id='word_1_154' title='bbox 1291 1566 1394 1604; x_wconf 85' lang='lat' dir='ltr'>Mus.</span> <span class='ocrx_word' id='word_1_155' title='bbox 1419 1566 1597 1604; x_wconf 87' lang='lat' dir='ltr'>Rhenan.</span> <span class='ocrx_word' id='word_1_156' title='bbox 1622 1565 1770 1612; x_wconf 89' lang='lat' dir='ltr'>XXIII,</span> 
     </span>
     <span class='ocr_line' id='line_1_19' title="bbox 267 1632 1772 1684; baseline 0 -14"><span class='ocrx_word' id='word_1_157' title='bbox 267 1633 387 1680; x_wconf 83' lang='lat'>1868,</span> <span class='ocrx_word' id='word_1_158' title='bbox 421 1633 488 1670; x_wconf 91' lang='lat' dir='ltr'>alii</span> <span class='ocrx_word' id='word_1_159' title='bbox 517 1634 646 1670; x_wconf 89' lang='lat' dir='ltr'>multi.</span> <span class='ocrx_word' id='word_1_160' title='bbox 704 1633 866 1672; x_wconf 88' lang='lat' dir='ltr'>Claudit</span> <span class='ocrx_word' id='word_1_161' title='bbox 897 1648 1036 1684; x_wconf 87' lang='lat' dir='ltr'>agmen</span> <span class='ocrx_word' id='word_1_162' title='bbox 1068 1634 1108 1672; x_wconf 86' lang='lat' dir='ltr'>C.</span> <span class='ocrx_word' id='word_1_163' title='bbox 1141 1634 1186 1672; x_wconf 89' lang='lat' dir='ltr'>F.</span> <span class='ocrx_word' id='word_1_164' title='bbox 1218 1634 1280 1671; x_wconf 92' lang='lat' dir='ltr'>W.</span> <span class='ocrx_word' id='word_1_165' title='bbox 1313 1634 1473 1682; x_wconf 80' lang='lat' dir='ltr'>Mffller,</span> <span class='ocrx_word' id='word_1_166' title='bbox 1504 1632 1772 1671; x_wconf 83' lang='lat' dir='ltr'>Plautinische</span> 
     </span>
     <span class='ocr_line' id='line_1_20' title="bbox 265 1700 1772 1752; baseline 0 -14"><span class='ocrx_word' id='word_1_167' title='bbox 265 1700 458 1738; x_wconf 88' lang='lat' dir='ltr'>Prosodie</span> <span class='ocrx_word' id='word_1_168' title='bbox 493 1702 619 1748; x_wconf 81' lang='grc'><strong>1869,</strong></span> <span class='ocrx_word' id='word_1_169' title='bbox 651 1701 877 1752; x_wconf 73' lang='lat' dir='ltr'>Nachtrage</span> <span class='ocrx_word' id='word_1_170' title='bbox 908 1716 979 1739; x_wconf 88' lang='lat' dir='ltr'>zur</span> <span class='ocrx_word' id='word_1_171' title='bbox 1009 1702 1068 1740; x_wconf 92' lang='lat' dir='ltr'>Pl.</span> <span class='ocrx_word' id='word_1_172' title='bbox 1101 1702 1144 1740; x_wconf 92' lang='lat' dir='ltr'>P.</span> <span class='ocrx_word' id='word_1_173' title='bbox 1182 1704 1309 1749; x_wconf 85' lang='grc'><strong>1871,</strong></span> <span class='ocrx_word' id='word_1_174' title='bbox 1349 1703 1413 1739; x_wconf 88' lang='lat' dir='ltr'>cui</span> <span class='ocrx_word' id='word_1_175' title='bbox 1452 1702 1485 1739; x_wconf 89' lang='lat' dir='ltr'>si</span> <span class='ocrx_word' id='word_1_176' title='bbox 1517 1715 1596 1739; x_wconf 91' lang='lat' dir='ltr'>non</span> <span class='ocrx_word' id='word_1_177' title='bbox 1625 1701 1772 1750; x_wconf 90' lang='lat' dir='ltr'>ubique</span> 
     </span>
     <span class='ocr_line' id='line_1_21' title="bbox 267 1769 1771 1821; baseline 0 -15"><span class='ocrx_word' id='word_1_178' title='bbox 267 1769 507 1816; x_wconf 89' lang='lat' dir='ltr'>accedimus,</span> <span class='ocrx_word' id='word_1_179' title='bbox 545 1772 678 1806; x_wconf 91' lang='lat' dir='ltr'>tamen</span> <span class='ocrx_word' id='word_1_180' title='bbox 715 1770 914 1819; x_wconf 88' lang='lat' dir='ltr'>permulta</span> <span class='ocrx_word' id='word_1_181' title='bbox 951 1782 1022 1807; x_wconf 92' lang='lat' dir='ltr'>nos</span> <span class='ocrx_word' id='word_1_182' title='bbox 1063 1773 1223 1821; x_wconf 89' lang='lat' dir='ltr'>accepta</span> <span class='ocrx_word' id='word_1_183' title='bbox 1252 1769 1357 1807; x_wconf 88' lang='lat' dir='ltr'>ferre</span> <span class='ocrx_word' id='word_1_184' title='bbox 1387 1770 1559 1808; x_wconf 89' lang='lat' dir='ltr'>libenter</span> <span class='ocrx_word' id='word_1_185' title='bbox 1588 1770 1771 1807; x_wconf 88' lang='lat' dir='ltr'>fatemur.</span> 
     </span>
     <span class='ocr_line' id='line_1_22' title="bbox 265 1836 1775 1888; baseline 0.001 -15"><span class='ocrx_word' id='word_1_186' title='bbox 265 1836 344 1874; x_wconf 88' lang='lat' dir='ltr'>Sed</span> <span class='ocrx_word' id='word_1_187' title='bbox 387 1837 451 1874; x_wconf 85' lang='lat' dir='ltr'>vel</span> <span class='ocrx_word' id='word_1_188' title='bbox 495 1840 586 1886; x_wconf 89' lang='lat' dir='ltr'>post</span> <span class='ocrx_word' id='word_1_189' title='bbox 629 1840 744 1874; x_wconf 89' lang='lat' dir='ltr'>tanta</span> <span class='ocrx_word' id='word_1_190' title='bbox 787 1837 922 1875; x_wconf 91' lang='lat' dir='ltr'>studia</span> <span class='ocrx_word' id='word_1_191' title='bbox 966 1851 1029 1876; x_wconf 90' lang='lat' dir='ltr'>res</span> <span class='ocrx_word' id='word_1_192' title='bbox 1075 1839 1162 1887; x_wconf 86' lang='lat' dir='ltr'>ipsa</span> <span class='ocrx_word' id='word_1_193' title='bbox 1205 1850 1388 1886; x_wconf 84' lang='lat' dir='ltr'>magnam</span> <span class='ocrx_word' id='word_1_194' title='bbox 1427 1841 1584 1888; x_wconf 87' lang='lat' dir='ltr'>partem</span> <span class='ocrx_word' id='word_1_195' title='bbox 1620 1838 1775 1874; x_wconf 87' lang='lat' dir='ltr'>incerta</span> 
     </span>
     <span class='ocr_line' id='line_1_23' title="bbox 263 1905 1774 1960; baseline 0 -19"><span class='ocrx_word' id='word_1_196' title='bbox 263 1908 408 1951; x_wconf 85' lang='lat' dir='ltr'>manet,</span> <span class='ocrx_word' id='word_1_197' title='bbox 434 1908 575 1955; x_wconf 88' lang='lat' dir='ltr'>utpote</span> <span class='ocrx_word' id='word_1_198' title='bbox 599 1917 686 1960; x_wconf 67' lang='lat' dir='ltr'>quae</span> <span class='ocrx_word' id='word_1_199' title='bbox 709 1908 797 1943; x_wconf 87' lang='lat' dir='ltr'>tota</span> <span class='ocrx_word' id='word_1_200' title='bbox 823 1919 870 1942; x_wconf 86' lang='lat' dir='ltr'>ex</span> <span class='ocrx_word' id='word_1_201' title='bbox 896 1906 1152 1955; x_wconf 88' lang='lat' dir='ltr'>antiquorum</span> <span class='ocrx_word' id='word_1_202' title='bbox 1175 1905 1463 1955; x_wconf 87' lang='lat' dir='ltr'>pronuntiandi</span> <span class='ocrx_word' id='word_1_203' title='bbox 1493 1906 1647 1942; x_wconf 90' lang='lat' dir='ltr'>ratione</span> <span class='ocrx_word' id='word_1_204' title='bbox 1678 1907 1774 1954; x_wconf 89' lang='lat' dir='ltr'>apta</span> 
     </span>
     <span class='ocr_line' id='line_1_24' title="bbox 264 1971 1772 2021; baseline 0.001 -13"><span class='ocrx_word' id='word_1_205' title='bbox 264 1972 326 2008; x_wconf 87' lang='lat' dir='ltr'>sit.</span> <span class='ocrx_word' id='word_1_206' title='bbox 387 1971 488 2019; x_wconf 89' lang='lat' dir='ltr'>Nos,</span> <span class='ocrx_word' id='word_1_207' title='bbox 529 1985 650 2021; x_wconf 87' lang='lat' dir='ltr'>quum</span> <span class='ocrx_word' id='word_1_208' title='bbox 688 1972 766 2009; x_wconf 88' lang='lat' dir='ltr'>alia</span> <span class='ocrx_word' id='word_1_209' title='bbox 804 1973 890 2010; x_wconf 88' lang='lat' dir='ltr'>aliis</span> <span class='ocrx_word' id='word_1_210' title='bbox 927 1974 1011 2010; x_wconf 84' lang='lat' dir='ltr'>veri</span> <span class='ocrx_word' id='word_1_211' title='bbox 1049 1974 1242 2011; x_wconf 86' lang='lat' dir='ltr'>similiora</span> <span class='ocrx_word' id='word_1_212' title='bbox 1279 1974 1509 2021; x_wconf 86' lang='lat' dir='ltr'>videantur,</span> <span class='ocrx_word' id='word_1_213' title='bbox 1543 1986 1589 2010; x_wconf 88' lang='lat' dir='ltr'>ea</span> <span class='ocrx_word' id='word_1_214' title='bbox 1617 1975 1772 2010; x_wconf 88' lang='lat' dir='ltr'>tantum</span> 
     </span>
     <span class='ocr_line' id='line_1_25' title="bbox 265 2039 1770 2088; baseline 0.001 -12"><span class='ocrx_word' id='word_1_215' title='bbox 265 2052 527 2088; x_wconf 86' lang='lat' dir='ltr'>exponemus,</span> <span class='ocrx_word' id='word_1_216' title='bbox 575 2039 717 2088; x_wconf 88' lang='lat' dir='ltr'>quibus</span> <span class='ocrx_word' id='word_1_217' title='bbox 761 2041 948 2078; x_wconf 91' lang='lat' dir='ltr'>maiorem</span> <span class='ocrx_word' id='word_1_218' title='bbox 993 2039 1111 2078; x_wconf 90' lang='lat' dir='ltr'>fidem</span> <span class='ocrx_word' id='word_1_219' title='bbox 1156 2041 1382 2078; x_wconf 88' lang='lat' dir='ltr'>habendam</span> <span class='ocrx_word' id='word_1_220' title='bbox 1427 2054 1511 2078; x_wconf 90' lang='lat' dir='ltr'>esse</span> <span class='ocrx_word' id='word_1_221' title='bbox 1557 2053 1770 2087; x_wconf 89' lang='lat' dir='ltr'>censemus,</span> 
     </span>
     <span class='ocr_line' id='line_1_26' title="bbox 264 2107 1772 2160; baseline 0.001 -16"><span class='ocrx_word' id='word_1_222' title='bbox 264 2110 383 2156; x_wconf 88' lang='lat' dir='ltr'>atque</span> <span class='ocrx_word' id='word_1_223' title='bbox 421 2107 518 2145; x_wconf 84' lang='lat' dir='ltr'>adeo</span> <span class='ocrx_word' id='word_1_224' title='bbox 557 2107 676 2145; x_wconf 88' lang='lat' dir='ltr'>rebus</span> <span class='ocrx_word' id='word_1_225' title='bbox 715 2109 923 2158; x_wconf 85' lang='lat' dir='ltr'>expositis,</span> <span class='ocrx_word' id='word_1_226' title='bbox 957 2122 1074 2158; x_wconf 86' lang='lat' dir='ltr'>quam</span> <span class='ocrx_word' id='word_1_227' title='bbox 1106 2109 1330 2160; x_wconf 86' lang='lat' dir='ltr'>explicandi</span> <span class='ocrx_word' id='word_1_228' title='bbox 1360 2110 1555 2146; x_wconf 88' lang='lat' dir='ltr'>rationem</span> <span class='ocrx_word' id='word_1_229' title='bbox 1587 2108 1772 2158; x_wconf 88' lang='lat' dir='ltr'>amplecti</span> 
     </span>
     <span class='ocr_line' id='line_1_27' title="bbox 262 2175 1768 2227; baseline 0.002 -16"><span class='ocrx_word' id='word_1_230' title='bbox 262 2175 463 2222; x_wconf 87' lang='lat' dir='ltr'>malimus,</span> <span class='ocrx_word' id='word_1_231' title='bbox 505 2175 770 2213; x_wconf 89' lang='lat' dir='ltr'>ostendemus.</span> <span class='ocrx_word' id='word_1_232' title='bbox 831 2176 931 2213; x_wconf 86' lang='lat' dir='ltr'>Nam</span> <span class='ocrx_word' id='word_1_233' title='bbox 969 2190 1032 2213; x_wconf 89' lang='lat' dir='ltr'>res</span> <span class='ocrx_word' id='word_1_234' title='bbox 1072 2177 1159 2227; x_wconf 89' lang='lat' dir='ltr'>ipsa</span> <span class='ocrx_word' id='word_1_235' title='bbox 1196 2178 1359 2214; x_wconf 88' lang='lat' dir='ltr'>minime</span> <span class='ocrx_word' id='word_1_236' title='bbox 1399 2176 1519 2214; x_wconf 89' lang='lat' dir='ltr'>dubia</span> <span class='ocrx_word' id='word_1_237' title='bbox 1563 2180 1640 2224; x_wconf 88' lang='lat' dir='ltr'>est,</span> <span class='ocrx_word' id='word_1_238' title='bbox 1686 2189 1768 2223; x_wconf 89' lang='lat' dir='ltr'>nec,</span> 
     </span>
     <span class='ocr_line' id='line_1_28' title="bbox 264 2242 1763 2293; baseline 0.001 -14"><span class='ocrx_word' id='word_1_239' title='bbox 264 2243 356 2291; x_wconf 91' lang='lat' dir='ltr'>quia</span> <span class='ocrx_word' id='word_1_240' title='bbox 392 2242 505 2280; x_wconf 89' lang='lat' dir='ltr'>nobis</span> <span class='ocrx_word' id='word_1_241' title='bbox 536 2243 627 2280; x_wconf 86' lang='lat' dir='ltr'>talis</span> <span class='ocrx_word' id='word_1_242' title='bbox 658 2244 942 2293; x_wconf 86' lang='lat' dir='ltr'>pronuntiandi</span> <span class='ocrx_word' id='word_1_243' title='bbox 975 2245 1079 2281; x_wconf 87' lang='lat' dir='ltr'>ratio</span> <span class='ocrx_word' id='word_1_244' title='bbox 1109 2245 1210 2282; x_wconf 87' lang='lat' dir='ltr'>mira</span> <span class='ocrx_word' id='word_1_245' title='bbox 1239 2245 1418 2292; x_wconf 82' lang='lat' dir='ltr'>videtur,</span> <span class='ocrx_word' id='word_1_246' title='bbox 1450 2245 1541 2283; x_wconf 89' lang='lat' dir='ltr'>ideo</span> <span class='ocrx_word' id='word_1_247' title='bbox 1573 2244 1763 2282; x_wconf 87' lang='lat' dir='ltr'>traditam</span> 
     </span>
     <span class='ocr_line' id='line_1_29' title="bbox 263 2309 1769 2363; baseline 0.002 -17"><span class='ocrx_word' id='word_1_248' title='bbox 263 2309 464 2347; x_wconf 85' lang='lat' dir='ltr'>codicibus</span> <span class='ocrx_word' id='word_1_249' title='bbox 505 2311 739 2361; x_wconf 83' lang='lat' dir='ltr'>scripturam</span> <span class='ocrx_word' id='word_1_250' title='bbox 778 2312 987 2349; x_wconf 87' lang='lat' dir='ltr'>immutare</span> <span class='ocrx_word' id='word_1_251' title='bbox 1026 2312 1234 2360; x_wconf 87' lang='lat' dir='ltr'>audemus,</span> <span class='ocrx_word' id='word_1_252' title='bbox 1274 2327 1354 2351; x_wconf 89' lang='lat' dir='ltr'>non</span> <span class='ocrx_word' id='word_1_253' title='bbox 1393 2326 1472 2363; x_wconf 87' lang='lat' dir='ltr'>quo</span> <span class='ocrx_word' id='word_1_254' title='bbox 1510 2316 1594 2350; x_wconf 88' lang='lat' dir='ltr'>tam</span> <span class='ocrx_word' id='word_1_255' title='bbox 1632 2325 1769 2362; x_wconf 87' lang='lat' dir='ltr'>super·</span> 
     </span>
     <span class='ocr_line' id='line_1_30' title="bbox 263 2378 1767 2429; baseline 0.002 -16"><span class='ocrx_word' id='word_1_256' title='bbox 263 2378 409 2414; x_wconf 81' lang='lat' dir='ltr'>stitiosi</span> <span class='ocrx_word' id='word_1_257' title='bbox 440 2379 579 2425; x_wconf 85' lang='lat' dir='ltr'>simus,</span> <span class='ocrx_word' id='word_1_258' title='bbox 619 2382 664 2416; x_wconf 89' lang='lat' dir='ltr'>ut</span> <span class='ocrx_word' id='word_1_259' title='bbox 702 2392 916 2429; x_wconf 87' lang='lat' dir='ltr'>numquam</span> <span class='ocrx_word' id='word_1_260' title='bbox 947 2394 969 2417; x_wconf 90' lang='lat' dir='ltr'>a</span> <span class='ocrx_word' id='word_1_261' title='bbox 998 2380 1173 2418; x_wconf 85' lang='lat' dir='ltr'>librariis</span> <span class='ocrx_word' id='word_1_262' title='bbox 1214 2384 1389 2418; x_wconf 87' lang='lat' dir='ltr'>erratum</span> <span class='ocrx_word' id='word_1_263' title='bbox 1428 2394 1511 2418; x_wconf 90' lang='lat' dir='ltr'>esse</span> <span class='ocrx_word' id='word_1_264' title='bbox 1549 2380 1767 2428; x_wconf 85' lang='lat' dir='ltr'>credamus,</span> 
     </span>
     <span class='ocr_line' id='line_1_31' title="bbox 261 2445 1769 2498; baseline 0.002 -16"><span class='ocrx_word' id='word_1_265' title='bbox 261 2445 330 2482; x_wconf 86' lang='lat' dir='ltr'>sed</span> <span class='ocrx_word' id='word_1_266' title='bbox 361 2446 401 2483; x_wconf 90' lang='lat' dir='ltr'>in</span> <span class='ocrx_word' id='word_1_267' title='bbox 431 2449 512 2483; x_wconf 86' lang='lat' dir='ltr'>tam</span> <span class='ocrx_word' id='word_1_268' title='bbox 544 2447 695 2483; x_wconf 85' lang='lat' dir='ltr'>incerta</span> <span class='ocrx_word' id='word_1_269' title='bbox 726 2460 788 2494; x_wconf 89' lang='lat' dir='ltr'>re,</span> <span class='ocrx_word' id='word_1_270' title='bbox 821 2447 897 2484; x_wconf 88' lang='lat' dir='ltr'>nisi</span> <span class='ocrx_word' id='word_1_271' title='bbox 930 2449 1008 2485; x_wconf 85' lang='lat' dir='ltr'>alia</span> <span class='ocrx_word' id='word_1_272' title='bbox 1046 2449 1236 2486; x_wconf 85' lang='lat' dir='ltr'>accedant</span> <span class='ocrx_word' id='word_1_273' title='bbox 1274 2449 1508 2498; x_wconf 75' lang='lat' dir='ltr'>corruptelae</span> <span class='ocrx_word' id='word_1_274' title='bbox 1546 2448 1712 2495; x_wconf 86' lang='lat' dir='ltr'>indicia,</span> <span class='ocrx_word' id='word_1_275' title='bbox 1746 2460 1769 2485; x_wconf 83' lang='lat' dir='ltr'>a</span> 
     </span>
     <span class='ocr_line' id='line_1_32' title="bbox 263 2513 1768 2566; baseline 0.003 -18"><span class='ocrx_word' id='word_1_276' title='bbox 263 2513 443 2549; x_wconf 83' lang='lat' dir='ltr'>codicum</span> <span class='ocrx_word' id='word_1_277' title='bbox 474 2515 700 2551; x_wconf 87' lang='lat' dir='ltr'>testimonio</span> <span class='ocrx_word' id='word_1_278' title='bbox 733 2515 935 2553; x_wconf 81' lang='lat' dir='ltr'>discedere</span> <span class='ocrx_word' id='word_1_279' title='bbox 973 2516 1092 2553; x_wconf 87' lang='lat' dir='ltr'>licere</span> <span class='ocrx_word' id='word_1_280' title='bbox 1131 2530 1339 2566; x_wconf 85' lang='lat' dir='ltr'>negamus,</span> <span class='ocrx_word' id='word_1_281' title='bbox 1379 2530 1469 2564; x_wconf 91' lang='lat' dir='ltr'>nec,</span> <span class='ocrx_word' id='word_1_282' title='bbox 1510 2517 1604 2566; x_wconf 85' lang='lat' dir='ltr'>quia</span> <span class='ocrx_word' id='word_1_283' title='bbox 1639 2515 1768 2553; x_wconf 87' lang='lat' dir='ltr'>facilis</span> 
     </span>
     <span class='ocr_line' id='line_1_33' title="bbox 262 2580 1438 2629; baseline 0.004 -13"><span class='ocrx_word' id='word_1_284' title='bbox 262 2580 394 2628; x_wconf 84' lang='lat' dir='ltr'>aliqua</span> <span class='ocrx_word' id='word_1_285' title='bbox 425 2581 646 2619; x_wconf 83' lang='lat' dir='ltr'>emendatio</span> <span class='ocrx_word' id='word_1_286' title='bbox 679 2583 742 2629; x_wconf 85' lang='lat' dir='ltr'>sit,</span> <span class='ocrx_word' id='word_1_287' title='bbox 775 2583 864 2620; x_wconf 85' lang='lat' dir='ltr'>ideo</span> <span class='ocrx_word' id='word_1_288' title='bbox 896 2596 1030 2620; x_wconf 81' lang='lat' dir='ltr'>veram</span> <span class='ocrx_word' id='word_1_289' title='bbox 1062 2597 1145 2621; x_wconf 87' lang='lat' dir='ltr'>esse</span> <span class='ocrx_word' id='word_1_290' title='bbox 1177 2584 1438 2622; x_wconf 87' lang='lat' dir='ltr'>concedimus.</span> 
     </span>
    </p>

    <p class='ocr_par' dir='ltr' id='par_1_3' title="bbox 260 2648 1766 2769">
     <span class='ocr_line' id='line_1_34' title="bbox 375 2648 1766 2702; baseline 0.003 -19"><span class='ocrx_word' id='word_1_291' title='bbox 375 2648 456 2684; x_wconf 78' lang='lat' dir='ltr'>Iam</span> <span class='ocrx_word' id='word_1_292' title='bbox 502 2662 523 2685; x_wconf 85' lang='lat' dir='ltr'>a</span> <span class='ocrx_word' id='word_1_293' title='bbox 568 2650 671 2686; x_wconf 87' lang='lat' dir='ltr'>notis</span> <span class='ocrx_word' id='word_1_294' title='bbox 712 2650 925 2698; x_wconf 78' lang='lat' dir='ltr'>Augusteae</span> <span class='ocrx_word' id='word_1_295' title='bbox 967 2652 1092 2688; x_wconf 68' lang='lat' dir='ltr'>{etatis</span> <span class='ocrx_word' id='word_1_296' title='bbox 1137 2652 1286 2700; x_wconf 84' lang='lat' dir='ltr'>regulis</span> <span class='ocrx_word' id='word_1_297' title='bbox 1330 2651 1524 2702; x_wconf 89' lang='lat' dir='ltr'>profecti,</span> <span class='ocrx_word' id='word_1_298' title='bbox 1571 2654 1766 2700; x_wconf 86' lang='lat' dir='ltr'>quatenus</span> 
     </span>
     <span class='ocr_line' id='line_1_35' title="bbox 260 2714 1352 2769; baseline 0.005 -18"><span class='ocrx_word' id='word_1_299' title='bbox 260 2714 426 2752; x_wconf 85' lang='lat' dir='ltr'>Plautus</span> <span class='ocrx_word' id='word_1_300' title='bbox 460 2715 508 2752; x_wconf 91' lang='lat' dir='ltr'>ab</span> <span class='ocrx_word' id='word_1_301' title='bbox 539 2717 584 2753; x_wconf 87' lang='lat' dir='ltr'>iis</span> <span class='ocrx_word' id='word_1_302' title='bbox 617 2717 843 2754; x_wconf 87' lang='lat' dir='ltr'>discessisse</span> <span class='ocrx_word' id='word_1_303' title='bbox 875 2718 1066 2765; x_wconf 88' lang='lat' dir='ltr'>videatur,</span> <span class='ocrx_word' id='word_1_304' title='bbox 1101 2732 1352 2769; x_wconf 80' lang='lat' dir='ltr'>exponemus.</span> 
     </span>
    </p>
   </div>
   <div class='ocr_carea' id='block_1_3' title="bbox 1889 853 1926 3275">
    <p class='ocr_par' dir='ltr' id='par_1_4' title="bbox 1889 853 1926 3275">
     <span class='ocr_line' id='line_1_36' title="bbox 1889 853 1926 3275; baseline 0 0"><span class='ocrx_word' id='word_1_305' title='bbox 1889 853 1926 3275; x_wconf 95' lang='lat' dir='ltr'> </span> 
     </span>
    </p>
   </div>
  </div>
 </body>
</html>
