1926 3275
274 320 354 359 332
904 318 1140 362 Amphitruo.

271 460 409 484 versus
442 448 628 484 constitui
659 450 794 496 potest
824 450 908 483 tam
940 450 1123 484 accurate
1156 447 1206 484 ad
1237 460 1272 484 v.
1305 448 1411 484 1027
1443 447 1701 497 respondens,
1733 450 1779 484 ut

272 514 372 552 nihil
417 516 523 552 inter
569 528 635 552 505
682 515 871 552 excidisse
916 515 1110 552 videatur.
1151 535 1207 539 —
1248 515 1368 552 1029.
1408 515 1472 552 est
1509 515 1645 552 addidi
1690 528 1778 552 cum

273 582 419 619 Hoffm.
452 596 491 632 p.
528 584 575 619 51
610 596 746 619 versus
779 596 906 620 causa.
958 583 1148 620 Mercurii
1178 582 1299 619 verba
1330 586 1422 620 sunt
1451 583 1779 631 Amphitryonem

274 650 460 697 ludentis,
495 651 607 699 quasi
638 663 710 700 pro
742 650 895 687 advena
926 664 1012 688 eum
1043 650 1187 687 habeat
1206 650 1535 700 Amphitryonem
1567 654 1778 700 quaerente,

274 721 391 767 atque
430 718 528 755 adeo
568 732 641 768 pro
684 719 861 755 mendico
901 722 969 756 aut
1006 719 1183 769 parasito
1215 719 1444 768 importuno
1475 719 1779 769 Amphitryonis

274 785 430 823 domum
464 787 664 824 invasuro.
726 786 956 836 Respondet
993 786 1118 834 igitur
1154 786 1292 823 herum
1333 791 1566 836 occupatum
1598 800 1681 824 esse
1713 787 1779 824 ad-

272 867 489 903 venamque
522 854 630 890 abire
664 853 786 901 iubet,
821 854 926 903 quod
950 855 1025 891 nisi
1050 867 1218 904 propere
1241 855 1420 902 facessat,
1455 853 1507 902 (v.
1537 851 1661 901 1030)
1694 855 1780 891 iure

274 923 308 958 ei
340 922 436 968 fore,
470 922 575 971 quod
606 924 795 972 parasitis
826 921 912 959 fieri
944 922 1085 969 soleat,
1119 926 1163 959 ut
1187 922 1265 959 olla
1289 923 1429 960 cineris
1455 923 1576 973 plena
1598 923 1637 959 in
1663 925 1780 972 caput

273 990 307 1026 ei
338 990 554 1027 iniiciatur.
617 989 673 1027 Cf.
708 990 819 1039 Capt.
855 992 926 1028 89:
975 991 1067 1040 „qui
1099 990 1285 1040 colaphos
1322 993 1481 1041 perpeti
1519 991 1626 1041 potis
1665 1004 1779 1040 para-

274 1058 372 1094 situs
404 1058 613 1107 frangique
647 1058 755 1095 aulas
787 1059 825 1094 in
859 1057 1018 1108 caput“.
1070 1058 1225 1096 Curcul.
1261 1060 1361 1096 390:
1398 1059 1484 1106 „An
1515 1059 1606 1096 aula
1637 1072 1781 1108 quassa

275 1139 360 1162 cum
393 1126 523 1162 cinere
555 1126 718 1163 effossus
751 1127 826 1163 siet
859 1124 926 1174 (sc.
960 1124 1111 1173 oculus)
1123 1124 1155 1163 “.
1188 1147 1244 1151 ——
1273 1127 1461 1164 Manente
1492 1140 1584 1164 vero
1615 1126 1780 1177 Amphi-

273 1196 415 1242 tryone
446 1207 468 1230 a
498 1193 616 1230 minis
650 1194 698 1230 ad
730 1208 792 1231 res
825 1194 1088 1244 progreditur,
1122 1195 1393 1244 matulamquc
1426 1208 1535 1244 aquae
1560 1195 1718 1245 plenam
1745 1195 1779 1231 ei

273 1262 313 1297 in
331 1265 452 1312 caput
467 1261 651 1299 infundit.
684 1261 820 1299 Edunt
845 1275 978 1299 01111155
1004 1259 1206 1301 matulam
1229 1273 1357 1300 ‘limem
1378 1259 1450 1300 tibi
1466 1273 1608 1313 aquae,
1627 1276 1780 1300 versus-

275 1343 349 1379 que
389 1342 508 1366 causa
548 1333 617 1366 aut
660 1328 815 1377 „acuae“
860 1335 927 1367 aut
970 1329 1136 1380 ,‚aquai“
1179 1331 1390 1379 legendum
1423 1344 1505 1368 5555
1538 1331 1682 1368 docent
1712 1334 1781 1368 aut

277 1395 529 1444 „matellam“
566 1398 837 1445 scribendum3
871 1402 909 1435 et.
939 1410 1066 1437 mlum
1098 1394 1257 1448 quidem
1281 1400 1445 1449 propria
1468 1400 1505 1436 vi
1529 1398 1778 1446 destitutum,

275 1467 454 1514 quamvis
486 1479 562 1502 non
594 1465 761 1515 placeat,
794 1470 928 1503 tamen
960 1481 1039 1505 non
1070 1481 1233 1517 prorsus
1267 1469 1492 1517 negaverim
1524 1466 1619 1503 ferri
1650 1480 1778 1516 posse,

273 1533 353 1571 vid.
384 1534 476 1571 Aul.
514 1535 614 1580 5613
655 1534 723 1570 sed
762 1534 958 1583 quomodo
999 1536 1209 1584 quisquam
1241 1535 1315 1573 sibi
1345 1535 1447 1573 velle
1480 1538 1549 1572 aut
1578 1535 1781 1585 postulare

275 1602 423 1652 possit,
456 1605 501 1638 ut
533 1598 684 1639 matula
714 1603 755 1638 in
789 1605 908 1652 caput
938 1603 1188 1650 infundatur,
1222 1617 1302 1642 non
1333 1603 1525 1651 intelligo.
1583 1602 1780 1653 Equidem

275 1683 352 1706 11011
384 1669 540 1716 dubito,
583 1670 679 1719 quin
718 1670 801 1707 haec
839 1671 1015 1720 separari
1054 1671 1242 1719 debeant,
1283 1675 1328 1709 ut
1357 1674 1450 1722 post
1480 1685 1515 1708 V.
1553 1669 1776 1720 „postules“

273 1738 602 1787 interpungatur,
644 1738 805 1786 eiusque
847 1738 1044 1776 obiectum
1083 1740 1123 1776 in
1155 1739 1475 1777 antecedentibus
1509 1742 1577 1776 aut
1606 1740 1780 1788 positum

275 1819 358 1842 esse
390 1809 459 1842 aut
490 1805 583 1843 inde
614 1805 744 1843 audiri
777 1819 927 1844 censeo.
976 1817 1139 1857 (aquam,
1174 1807 1280 1858 quod
1312 1821 1447 1845 omnes
1480 1807 1592 1845 codd.
1620 1807 1777 1854 habent,

274 1873 446 1919 retineo,
488 1870 644 1911 matula
685 1887 731 1910 ex
769 1873 953 1912 Parisino
992 1875 1221 1922 Quicherati
1263 1876 1459 1922 adscisco;
1498 1873 1582 1913 iam
1620 1872 1703 1913 iam
1741 1878 1780 1912 et

277 1937 455 1988 Infando
486 1941 534 1977 de
565 1954 652 1978 mea
684 1943 909 1979 coniectura
940 1943 1079 1980 scribo.

389 2143 602 2193 Postquam
628 2144 725 2180 abiit
747 2145 980 2193 Mercurius,
1007 2146 1141 2195 aliqua
1165 2160 1294 2184 secum
1318 2147 1474 2183 locutus
1506 2160 1589 2184 esse
1619 2146 1779 2184 videtur

274 2211 524 2261 Amphitryo.
571 2211 723 2249 Deinde
747 2212 895 2249 Sosiam
921 2227 1009 2251 cum
1025 2214 1273 2264 Blepharone
1306 2214 1581 2251 advenientem
1612 2219 1778 2265 propter

273 2279 427 2329 flagitia
472 2293 598 2329 nuper
636 2293 658 2316 a
696 2280 894 2318 Mercurio
940 2282 1149 2319 commissa
1193 2282 1446 2319 vehementer
1490 2283 1681 2332 increpat.
1721 2302 1777 2306 --

277 2349 396 2384 1032.
437 2344 550 2396 Quid
586 2345 833 2397 minitabas,
875 2351 915 2386 111
961 2350 1172 2399 deperdita
1217 2351 1434 2400 superioris
1480 2363 1603 2387 scenae
1648 2354 1774 2400 parte.

273 2415 331 2451 De
371 2416 500 2452 activa
539 2415 648 2452 verbi
686 2416 812 2453 forma
852 2417 897 2454 cf.
938 2417 987 2454 ad
1019 2418 1134 2468 Capt.
1171 2419 1263 2455 736.
1299 2438 1346 2444 —
1386 2420 1506 2456 1033.
1541 2419 1776 2469 Amphitryo

274 2496 385 2519 servo
432 2496 554 2532 pcenae
602 2497 717 2521 causa
759 2485 895 2534 ingens
943 2499 1041 2535 opus
1080 2487 1258 2536 imponit.
1324 2486 1490 2535 „duplos
1531 2484 1771 2534 sexagenos“

274 2550 372 2586 nihil
412 2554 490 2597 est3
530 2554 687 2588 secutus
725 2565 809 2588 sum
848 2554 1163 2591 emendationem
1197 2554 1340 2591 Herzii.
1381 2575 1435 2578 —
1478 2555 1596 2592 1034.
1629 2553 1775 2591 Verbe-

275 2620 402 2654 rafum
439 2632 522 2654 csse
553 2617 703 2656 Sosiam
736 2619 783 2656 ab
815 2620 911 2657 hero
943 2623 1121 2659 novimus
1152 2635 1198 2658 ex
1229 2636 1264 2659 v.
1292 2623 1384 2659 995.
1432 2622 1673 2672 Blepharoni
1703 2634 1775 2672 pro

275 2698 318 2721 00
351 2685 581 2734 deprecanti
612 2687 694 2724 haec
733 2688 940 2737 respondit
970 2689 1220 2739 Amphitryo.
1284 2689 1359 2727 Sed
1398 2703 1614 2726 sermonem
1653 2691 1773 2726 inter-

276 2754 423 2802 rumpit
455 2755 629 2803 crepitus
661 2756 771 2802 ostii,
806 2759 972 2793 exeunte
1003 2757 1203 2794 Alcmena.
1266 2757 1350 2803 Qua
1380 2757 1649 2795 animadversa
1680 2757 1773 2794 Am-

273 2820 433 2870 phitryo
450 2821 741 2870 Blepharonem
774 2826 841 2859 aut
872 2823 1038 2860 fortasse
1064 2824 1262 2873 Blepharo
1282 2825 1609 2875 Amphitryonem
1640 2828 1774 2862 tacere

275 2887 383 2924 iubet
424 2887 475 2933 (v.
514 2888 656 2936 10:35):
700 2887 897 2927 Animam
939 2889 1160 2939 comprime.
1222 2892 1312 2929 Haec
1353 2895 1453 2930 enim
1486 2893 1635 2930 Nonius
1673 2892 1772 2929 male
