1926 3275
191 240 218 283 I,
235 244 264 283 1,
281 240 440 275 95—110
851 239 1032 272 Asinaria.
1639 244 1691 281 85

827 364 1060 405 Libanus

1067 435 1098 487 I,
1130 435 1240 477 bene
1273 436 1459 478 ambula.

766 508 1120 549 Demaenetus

246 582 389 636 Atque
421 580 552 622 audin
584 580 742 622 etiam?

823 651 1058 692 Libanus

765 724 912 764 Recte.

766 795 1121 836 Demaenetus

917 866 961 907 Si
992 867 1096 920 quid
1126 871 1169 908 te
1201 867 1358 918 uolam,

245 940 331 983 Ubi
362 940 471 981 eris‘?

823 1009 1057 1051 Libanus

490 1082 792 1135 Ubiquomque
822 1081 1009 1122 lubitum
1040 1082 1123 1123 erit
1154 1082 1296 1123 animo
1328 1096 1436 1123 meo.

244 1156 446 1197 Profecto
478 1159 648 1196 nemost
679 1168 806 1207 quem
836 1154 923 1194 iam
956 1153 1112 1194 dehine
1143 1158 1335 1195 metuam
1366 1153 1472 1194 mihi
1627 1160 1692 1193 110

245 1229 308 1270 Ne
341 1228 444 1283 quid
476 1241 634 1268 nocere
666 1227 817 1280 possit,
852 1240 982 1280 quom
1012 1230 1060 1267 tu
1090 1225 1195 1266 mihi
1226 1230 1303 1266 tua

247 1300 456 1342 Oratione
488 1313 656 1341 omnem
689 1299 879 1340 animum
911 1298 1140 1339 ostendisti
1171 1302 1305 1339 tuum.

247 1373 359 1423 Quin
389 1376 432 1413 te
466 1385 636 1425 quoque
668 1371 809 1424 ipsum
840 1370 953 1411 facio
986 1369 1114 1413 haud,
1134 1370 1290 1422 magni,
1325 1370 1360 1410 si
1390 1369 1474 1411 hoo
1504 1373 1645 1423 patro.

245 1444 428 1496 Pergam
459 1458 543 1497 quo
576 1443 726 1496 occepi
757 1447 889 1495 atque
921 1442 982 1482 ibi
1013 1441 1197 1482 consilia
1229 1441 1440 1483 exordiar.

764 1514 1117 1554 Demaenetus

247 1587 390 1629 Audin
421 1587 498 1628 tu‘?
530 1585 645 1639 apud
676 1585 959 1626 Archibulum
992 1598 1068 1637 ego
1102 1599 1174 1626 ero
1207 1584 1512 1638 argentarium.
1626 1588 1690 1622 115

827 1657 1059 1698 Libanus

248 1730 414 1784 Nempe
445 1730 489 1770 in
519 1728 643 1771 foro?

767 1800 1123 1841 Demaenetus

670 1871 747 1923 Ibi,
780 1872 921 1926 siquid
954 1886 1060 1925 opus
1092 1870 1235 1921 fuerit,
1267 1893 1324 1898 —

824 1943 1059 1985 Libanus

1317 2013 1566 2054 Meminero.

766 2088 1119 2128 Demaenetus

248 2160 344 2202 Non
378 2173 471 2201 esse
503 2173 653 2201 seruos
683 2160 804 2213 peior
835 2159 917 2200 hoo
950 2160 1180 2212 quisquam
1210 2161 1354 2211 potest

247 2231 338 2272 Nee
370 2232 507 2284 magis
538 2235 743 2273 uorsutus
774 2245 854 2272 neo
887 2246 970 2285 quo
1004 2230 1059 2271 ab
1093 2243 1249 2270 oaueas
1282 2229 1467 2281 aegrius.

248 2303 401 2345 Eidem
431 2302 605 2354 homini,
640 2303 783 2357 siquid
813 2307 933 2344 reete
966 2306 1164 2343 curatum
1195 2301 1317 2351 uelis,

248 2375 451 2427 Mande83
481 2375 628 2416 moriri
660 2389 751 2416 sese
781 2375 936 2415 misere
968 2373 1172 2423 immolet,
1628 2370 1692 2402 120

251 2447 388 2496 Quam
418 2462 505 2488 non
537 2447 778 2500 perfeetum
809 2446 964 2487 reddat
995 2445 1111 2499 quod
1144 2443 1402 2497 promiserit.

249 2519 358 2560 Nam
391 2532 469 2571 ego
501 2518 605 2560 illuc
637 2522 864 2571 argentum
894 2522 983 2559 tam
1016 2520 1218 2570 paratum
1250 2515 1336 2555 filio

286 2704 351 2736 107
374 2702 506 2736 Fietne
532 2702 681 2736 ambula
777 2703 840 2735 108
865 2701 976 2735 etiam
1044 2700 1141 2734 Ecce
1209 2698 1338 2743 Siquid
1435 2698 1497 2731 109
1523 2696 1594 2731 Ubi
1621 2695 1689 2729 eris

192 2760 413 2794 antecedenti
433 2760 558 2794 versui
579 2759 745 2794 adhaeret.
834 2760 898 2792 110
922 2757 1094 2791 Profecto
1126 2757 1218 2791 item.
1308 2757 1369 2790 112
1396 2754 1571 2788 Oratione
1595 2754 1685 2787 item.

197 2818 260 2850 120
285 2827 322 2850 se
408 2818 470 2850 122
496 2816 586 2850 illud
