1926 3275
735 251 1012 296 Prolegomena.
1546 256 1622 295 171

124 385 243 430 stant,
278 382 456 419 diverbio
484 385 523 418 et
547 379 740 419 cantico“.
788 381 888 418 Tum
904 381 1082 419 Donatus
1115 384 1156 418 et
1187 394 1230 417 eo
1261 381 1360 429 loco,
1394 395 1510 431 quem
1541 383 1625 420 lau-

125 451 302 488 davimus
339 453 379 488 et
416 450 523 497 aliis,
561 450 602 486 in
632 449 851 499 fragmento
884 453 1017 486 autem
1049 449 1097 486 de
1127 450 1320 497 tragoedia
1350 453 1389 486 et
1420 451 1624 488 comoedia:

129 519 339 566 „Diverbia
367 519 589 556 ‘histriones
630 518 960 567 pronuntiabant3
994 519 1147 555 cantica
1176 531 1270 554 vero
1301 518 1628 567 temperabantur

124 587 252 624 modis
292 600 369 624 non
414 601 436 624 a
480 590 616 636 poeta,
658 586 726 623 sed
764 600 786 623 a
823 587 954 635 perito
994 587 1090 623 artis
1130 587 1287 623 musicae
1328 586 1461 633 factis3
1500 599 1627 636 neque

125 656 228 693 enim
266 657 398 693 omnia
435 655 576 693 iisdem
614 655 740 692 modis
780 655 820 692 in
857 668 936 692 uno
970 655 1119 692 cantico
1152 654 1389 702 agebantur,
1422 655 1491 692 sed
1522 668 1628 704 saepe

124 722 376 771 mutatis“*).
437 723 498 760 Ex
530 723 670 773 quibus
709 724 807 761 locis
839 723 881 760 id
912 723 1070 773 quidem
1102 726 1287 772 apparet,
1322 723 1429 773 quod
1460 724 1501 760 in
1531 724 1627 772 ipsis

124 793 255 830 verbis
294 793 415 839 inest,
449 793 700 842 pronuntiari
730 792 927 838 diverbia,
962 793 1114 829 cantica
1146 793 1313 838 cantari,
1348 791 1417 828 sed
1448 804 1627 841 quaenam

126 862 265 911 cuique
294 861 430 910 generi
472 873 596 897 scenae
634 860 855 897 tribuendae
895 861 990 906 sint,
1031 872 1109 896 non
1147 863 1326 909 apparet.
1387 860 1489 896 Nam
1521 859 1629 909 quod

124 929 334 966 Diomedes
373 929 569 966 canticum
607 929 743 975 unius,
787 928 1008 965 diverbium
1046 928 1220 976 plurium
1251 942 1513 977 personarum
1544 941 1628 965 esse

126 997 241 1045 dicit,
281 994 325 1035 id
361 997 593 1047 plerumque
632 997 688 1033 ita
727 999 803 1042 est,
845 1009 998 1045 semper
1036 1009 1116 1033 non
1149 999 1218 1033 est.
1280 997 1447 1034 Veriora
1477 996 1628 1033 Marius

125 1065 353 1103 Victorinus
379 1079 416 1115 p.
445 1065 553 1102 2524
578 1064 634 1111 P.‚
669 1065 736 1113 qui
761 1064 808 1101 de
834 1064 1019 1101 clausulis
1056 1062 1239 1111 „Solent“
1274 1065 1406 1113 inquit
1442 1066 1507 1111 „in
1538 1078 1628 1102 can-

124 1135 214 1171 ticis
245 1135 369 1184 magis
401 1147 518 1183 quam
552 1133 761 1180 diverbiis,
805 1146 891 1182 quae
930 1133 1053 1182 magis
1093 1146 1139 1169 ex
1176 1134 1356 1170 trimetro
1393 1133 1627 1180 subsistunt,

127 1200 350 1240 collocari“.
410 1201 500 1239 Iure
538 1202 661 1251 igitur
699 1202 873 1238 senarios
904 1201 1093 1238 iambicos
1125 1203 1396 1250 pronuntiata,
1429 1215 1510 1238 non
1541 1215 1628 1238 can-

125 1274 211 1309 tata
252 1285 334 1308 esse
375 1283 585 1307 consensus
623 1271 800 1307 virorum
838 1269 1046 1307 doctorum
1086 1269 1307 1316 statuebat3
1349 1269 1419 1307 sed
1457 1271 1629 1306 cantico-

126 1353 213 1377 rum
242 1341 399 1377 nomine
433 1352 478 1376 ea
508 1339 592 1375 sola
622 1338 1023 1388 comprehendebant,
1057 1351 1143 1387 quae
1168 1342 1235 1375 aut
1259 1338 1482 1386 systematis
1510 1337 1628 1375 modo

127 1408 392 1446 decurrebant
437 1410 507 1445 aut
555 1408 671 1444 variis
715 1406 894 1444 versibus
935 1407 1058 1443 mixta
1096 1407 1267 1455 speciem
1307 1420 1329 1443 a
1367 1407 1630 1444 continuitate

127 1477 319 1514 sermonis
345 1477 514 1513 maxime
541 1475 819 1513 abhorrentem
842 1474 1085 1525 praebebant.
1118 1474 1366 1512 Examinatis
1389 1488 1483 1512 vero
1509 1475 1630 1523 signis

126 1546 186 1593 iis,
220 1558 306 1595 quae
339 1559 457 1595 supra
489 1545 892 1591 commemoravimus,
926 1544 1113 1592 apparuit
1142 1557 1222 1580 non
1253 1543 1377 1580 solum
1409 1544 1630 1580 octonarios

126 1613 313 1651 iambicos
344 1613 647 1662 trochaicosque
679 1616 718 1650 et
749 1625 835 1662 quae
867 1612 1022 1649 creticis
1054 1614 1123 1648 aut
1153 1613 1367 1661 anapaestis
1407 1614 1474 1649 aut
1512 1612 1630 1649 variis

126 1682 294 1732 pedibus
326 1683 544 1732 composita
575 1684 677 1728 sunt,
710 1681 779 1718 sed
811 1681 930 1717 etiam
958 1680 1202 1729 septenarios
1225 1680 1448 1717 trochaicos
1473 1683 1512 1716 et
1535 1681 1630 1716 iam-

126 1750 235 1787 bicos
267 1751 419 1787 cantica
449 1750 581 1787 fuisse.
629 1750 773 1799 Magno
799 1762 918 1799 opere
942 1748 1157 1797 optandum
1184 1748 1272 1795 fuit,
1305 1751 1350 1785 ut
1380 1749 1420 1784 in
1452 1747 1630 1784 omnibus

127 1819 252 1856 scenis
283 1822 461 1856 servatus
494 1821 597 1855 esset
627 1818 768 1855 titulus
800 1817 1006 1854 modorum
1039 1828 1160 1864 genus
1184 1815 1381 1862 indicans3
1416 1815 1485 1853 sed
1511 1828 1630 1864 quum

127 1900 252 1936 pauca
291 1900 338 1923 ex
376 1886 510 1923 multis
548 1886 687 1923 relicta
725 1881 893 1932 sint**),
940 1888 1022 1922 tam
1061 1887 1246 1922 constans
1287 1887 1453 1934 apparet
1490 1884 1631 1920 horum

128 1956 329 2004 signorum
359 1968 464 2002 usus,
496 1958 541 1991 ut
571 1955 618 1991 de
649 1955 834 1991 universa
863 1967 905 1990 re
938 1953 1114 1990 dubitari
1144 1967 1224 1990 non
1254 1954 1392 2003 possit.
1454 1952 1631 1990 Primum

129 2023 305 2061 diverbia
342 2023 530 2073 pleraque
570 2023 767 2071 colloquia
805 2035 888 2059 esse
925 2021 1102 2059 videmus
1144 2021 1310 2058 duarum
1350 2024 1418 2058 aut
1456 2021 1630 2070 plurium

128 2105 405 2141 personarum,
447 2091 516 2128 sed
556 2104 851 2140 nonnumquam
891 2090 1009 2127 etiam
1047 2090 1273 2139 soliloquia3
1311 2102 1448 2126 rursus
1479 2089 1632 2126 cantica

128 2159 361 2209 plerumque
399 2160 469 2196 illa
508 2159 668 2209 quidem
706 2160 824 2196 unius
862 2171 1040 2208 personae
1079 2162 1188 2205 sunt,
1236 2158 1305 2195 sed
1342 2171 1423 2195 non
1461 2170 1628 2205 semper.

129 2227 282 2264 Deinde
314 2227 363 2264 ad
393 2231 520 2264 metra
544 2227 650 2277 quod
675 2228 827 2273 attinet,
853 2230 950 2263 nota
966 2225 1160 2284 DVpsolis
1188 2226 1268 2263 fere
1300 2226 1464 2263 senariis
1495 2238 1630 2274 super-

129 2297 310 2345 ponitur3
342 2295 420 2332 vid.
446 2296 556 2332 Asin.
584 2296 677 2333 803.
712 2294 839 2332 Casin.
875 2296 968 2331 708.
1005 2296 1097 2331 729.
1131 2294 1224 2331 Cist.
1261 2295 1353 2331 373.
1387 2293 1506 2330 Mero.
1536 2293 1629 2329 268.

129 2363 271 2401 Pseud.
307 2363 399 2400 394.
434 2364 527 2400 415.
563 2364 655 2400 772.
686 2363 779 2399 795.
813 2363 931 2399 1020.
963 2363 1082 2399 1039.
1115 2362 1265 2399 Poenul.
1295 2362 1387 2399 518.
1415 2361 1507 2397 714.
1535 2361 1629 2397 749.

165 2507 197 2550 *)
225 2507 312 2551 Quae
339 2509 557 2552 sequuntur,
584 2509 759 2550 corrupta
785 2509 887 2540 sunt:
915 2505 986 2549 „Ut
1011 2504 1239 2549 significant,
1269 2504 1332 2548 qui
1356 2507 1432 2538 tres
1457 2515 1630 2538 numeros

221 2566 259 2599 in
297 2564 488 2599 comoediis
520 2566 681 2608 ponunt,
715 2564 775 2607 qui
808 2566 882 2597 tres
915 2563 1110 2597 continent
1140 2564 1301 2596 mutatos
1333 2561 1462 2595 modos
1495 2561 1630 2595 cantici

222 2621 352 2655 illius“.
396 2621 537 2655 Ritsch.
560 2621 579 2653 l.
602 2621 621 2653 l.
644 2633 676 2664 p.
700 2622 766 2654 635
792 2632 858 2665 pro
886 2621 1045 2654 numeris
1070 2623 1179 2654 notas
1204 2619 1342 2663 positas
1368 2618 1480 2653 fuisse
1506 2621 1632 2652 censet

223 2678 504 2722 significataque
530 2689 608 2711 csse
633 2677 681 2710 M.
708 2677 755 2711 M.
785 2677 820 2711 C.

144 2735 198 2778 **)
225 2736 267 2769 111
292 2735 473 2769 Pseudolo
500 2734 696 2768 duodecies
730 2735 813 2768 talis
845 2735 976 2768 titulus
1007 2734 1210 2776 invenitur⁷
1237 2733 1274 2767 iu
1300 2732 1513 2766 Trinummo
1540 2732 1627 2766 toti-

224 2792 317 2834 dom,
344 2792 381 2826 in
406 2791 561 2826 Poenulo
588 2791 778 2833 undecies,
805 2792 843 2825 in
868 2791 1093 2826 Truculento
1117 2791 1261 2831 novies,
1288 2790 1326 2824 in
1351 2790 1485 2824 ceteris
1511 2789 1627 2824 omni-

224 2849 290 2883 bus
315 2849 376 2883 vix
402 2849 538 2893 saepius
565 2860 675 2892 quam
701 2848 905 2883 duodecies.
