1926 3275
789 261 1070 305 Prolegomena.
1602 268 1620 305 1
1629 267 1652 306 6
1658 268 1680 307 5

180 392 337 429 sarium.
393 391 504 429 Talia
536 392 708 439 ἐμβόλιμοι
741 394 779 427 et
809 391 1064 428 Aristotelem
1099 388 1262 438 (Poetic.
1300 391 1348 428 18
1383 390 1500 439 extr.)
1534 393 1681 443 impro-

179 461 292 498 basse
322 461 501 498 novimus
533 462 572 497 et
603 460 823 506 Horatium,
857 460 925 508 qui
955 459 1040 496 Art.
1073 462 1178 508 poet.
1216 460 1292 496 193
1326 472 1434 509 sqq:
1473 460 1677 506 „Actoris“

179 531 310 578 inquit
359 532 515 578 „partes
561 528 703 566 chorus
752 528 1002 577 officiumque
1048 528 1161 564 virile
1199 527 1415 574 Defendat,
1463 543 1540 566 neu
1586 530 1681 578 quid

178 598 330 635 medios
360 597 573 634 intercinat
603 600 725 644 actus,
760 596 872 643 Quod
903 609 981 633 non
1011 597 1217 645 proposito
1251 595 1446 633 conducat
1472 601 1510 634 et
1535 597 1682 635 haereat

179 665 311 715 apte“.
373 665 454 702 Nec
500 669 631 703 tamen
678 666 795 702 choro
842 678 975 702 carere
1021 663 1215 712 tragoedia
1260 665 1408 713 potuit,
1452 665 1522 702 sed
1566 679 1681 715 quem

180 734 328 771 dudum
362 734 552 772 comoedia
583 734 799 780 abiecerat,
834 747 922 770 eum
952 734 1111 782 gravior
1140 733 1343 781 tragoediae
1376 746 1439 770 ars
1470 734 1679 781 retinebat,

180 803 368 852 chorique
399 802 636 839 carminibus
668 805 805 840 actus
836 801 978 838 fabulae
1011 801 1369 848 distinguebantur.

292 871 397 908 Nota
421 873 480 908 est
500 870 657 907 Horatii
686 870 750 907 lex
783 867 884 916 (Art.
911 872 1016 919 poet.
1047 870 1123 906 189
1151 867 1248 918 sq.):
1287 869 1416 915 „Neve
1447 870 1575 907 minor
1605 884 1682 908 neu

178 940 229 976 sit
260 940 399 988 quinto
430 938 666 988 productior
696 942 786 975 actu
816 938 987 984 Fabula,
1028 950 1114 986 quae
1152 939 1262 986 posci
1300 938 1388 975 vult
1427 941 1466 975 et
1506 942 1683 988 spectata

178 1005 360 1057 reponi“.
423 1006 500 1044 Sed
546 1020 630 1044 eam
674 1007 802 1056 legem
844 1020 1006 1055 eamque
1046 1006 1281 1043 divisionem
1319 1006 1563 1055 antiquiores
1602 1021 1682 1045 non

177 1080 382 1114 noverant.
428 1075 683 1112 Aristotelem
716 1076 749 1112 si
781 1075 1021 1112 consulimus
1049 1072 1176 1121 (Poet.
1207 1072 1289 1121 12),
1322 1078 1456 1123 partes
1479 1075 1681 1123 tragoediae

177 1145 236 1182 hae
270 1147 379 1182 sunt:
420 1145 618 1194 πρόλογος,
649 1144 862 1186 ἐπεισόδιον,
893 1144 1023 1185 ἔξοδος,
1053 1144 1209 1191 χορικόν.
1269 1142 1404 1192 Pergit
1435 1142 1558 1181 idem:
1581 1143 1684 1180 >Ἐστι

178 1216 215 1251 δὲ
246 1215 427 1263 πρόλογος
456 1215 520 1261 μὲν
549 1215 655 1261 μέρος
689 1213 770 1249 ὅλον
800 1212 1001 1262 τραγῳδίας
1031 1212 1071 1248 τὸ
1103 1212 1176 1261 πρὸ
1206 1212 1319 1260 χοροῦ
1350 1211 1531 1260 παρόδου,
1563 1215 1682 1247 ἐπεισ-

179 1284 275 1321 όδιον
307 1283 343 1319 δὲ
373 1284 478 1331 μέρος
511 1282 592 1318 ὅλον
622 1281 823 1330 τραγῳδίας
853 1282 893 1317 τὸ
923 1282 1055 1329 μεταξὺ
1090 1281 1180 1316 ὅλων
1213 1282 1372 1330 χορικῶν
1402 1280 1531 1327 μελῶν,
1563 1279 1683 1322 ἔξοδος

178 1353 214 1389 δὲ
251 1354 357 1401 μέρος
396 1352 478 1387 ὅλον
515 1350 717 1400 τραγῳδίας
754 1349 841 1398 μεθ’
882 1350 900 1385 ὃ
939 1349 1001 1386 οὐκ
1040 1349 1115 1385 ἔστι
1146 1349 1260 1397 χοροῦ
1289 1350 1402 1397 μέλος.
1460 1348 1683 1385 Ἐπεισόδιον

178 1424 308 1459 autem
341 1423 380 1457 et
410 1421 541 1470 ipsum
582 1418 820 1456 carminibus
861 1417 970 1455 chori
1013 1414 1234 1466 (στασίμοις)
1277 1417 1318 1454 in
1354 1420 1491 1467 partes
1532 1416 1682 1454 divide-

177 1489 312 1536 batur,
361 1488 429 1526 sed
474 1500 679 1525 numerum
723 1488 898 1537 partium
944 1487 1053 1523 nulla
1098 1487 1161 1537 lex
1204 1485 1384 1532 finiebat3
1432 1487 1530 1534 quot
1574 1485 1683 1522 chori

179 1560 317 1594 cantus
350 1560 388 1594 et
420 1559 518 1606 quot
547 1555 690 1593 fabulae
721 1558 875 1606 partes,
910 1556 991 1592 sive
1028 1558 1137 1592 actus
1176 1553 1304 1590 dicere
1342 1553 1473 1600 malis,
1506 1553 1682 1591 facturus

178 1629 296 1673 esset,
330 1639 378 1662 ex
408 1625 631 1674 argumenti
662 1625 815 1661 ratione
854 1626 974 1673 poeta
1012 1622 1228 1660 iudicabat.
1289 1621 1495 1659 Interdum
1526 1621 1680 1659 duobus

179 1695 344 1732 choricis
384 1694 631 1742 interpositis
671 1691 889 1742 episodium
930 1691 1174 1740 tripertitum
1215 1690 1279 1737 fit,
1319 1693 1364 1727 ut
1403 1690 1682 1728 accedentibus

177 1763 345 1813 prologo
393 1766 432 1799 et
478 1761 603 1798 exodo
651 1761 823 1810 quinque
870 1763 980 1796 actus
1026 1760 1224 1796 numerari
1268 1759 1439 1809 possint,
1485 1759 1596 1796 velut
1641 1760 1682 1796 in

177 1831 401 1880 AEschyleis
432 1830 682 1876 Prometheo,
715 1829 884 1877 Septem,
919 1828 1222 1876 Agamemnone,
1257 1826 1513 1876 Choephoris,
1539 1826 1680 1864 Eume-

177 1899 358 1946 nidibus,
391 1899 433 1936 in
465 1898 693 1948 Sophocleis
724 1897 883 1934 Electra
915 1899 953 1933 et
985 1896 1224 1942 Trachiniis,
1257 1895 1297 1931 in
1327 1894 1553 1944 Euripideis
1584 1895 1681 1945 Hip-

178 1969 315 2018 polyto
355 1971 394 2005 et
431 1966 669 2012 Troadibus3
711 1965 779 2002 sed
825 1978 904 2002 non
949 1965 1079 2001 minus
1126 1977 1228 2013 saepe
1272 1962 1460 2013 bipertito
1506 1963 1681 2013 episodio

179 2039 370 2086 quattuor
408 2039 516 2073 actus
555 2033 676 2080 fiunt,
716 2037 761 2071 ut
798 2034 838 2070 in
875 2032 1100 2082 Euripideis
1137 2031 1408 2081 Supplicibus,
1448 2031 1680 2078 Heraclidis,

178 2105 383 2154 Iphigenia
421 2103 608 2149 Taurica,
649 2102 800 2149 Rhes03
848 2115 949 2150 saepe
995 2101 1175 2151 pluribus
1220 2099 1558 2138 intercedentibus
1601 2113 1682 2136 car-

178 2173 347 2210 minibus
393 2176 559 2221 augetur
587 2174 764 2208 actuum
811 2183 1017 2216 numerus,
1066 2170 1166 2206 sicut
1211 2182 1277 2206 sex
1322 2168 1424 2205 tales
1463 2171 1574 2205 actus
1614 2167 1682 2205 So-

178 2242 336 2291 phocles
375 2241 497 2277 habet
534 2241 574 2276 in
612 2240 732 2276 Aiace
778 2242 816 2276 et
855 2238 1006 2288 Oedipo
1045 2241 1237 2286 utroque,
1279 2236 1490 2285 Euripides
1535 2237 1576 2273 in
1615 2235 1682 2273 Al-

179 2310 292 2355 cesti,
331 2308 538 2358 Iphigenia
575 2307 799 2353 Aulidensi,
842 2306 1024 2352 Hecuba,
1067 2305 1358 2351 Andromacha,
1406 2303 1680 2349 Bacchidibus,

178 2378 292 2423 Ione,
333 2376 562 2422 Phoenissis,
610 2379 760 2425 septem
801 2375 1012 2424 Sophocles
1052 2375 1092 2411 in
1130 2374 1350 2421 Antigona,
1391 2371 1604 2420 Euripides
1642 2372 1682 2407 in

179 2445 321 2484 Medea
345 2448 384 2482 et
402 2444 582 2481 Hercule.
631 2443 880 2481 Alexandriae
912 2443 981 2479 illa
1011 2442 1072 2478 lex
1103 2445 1194 2479 nata
1224 2441 1395 2485 videtur,
1429 2453 1514 2489 quae
1545 2453 1682 2476 unam-

180 2527 374 2563 quamque
414 2512 648 2562 tragoediam
681 2512 853 2560 quinque
886 2515 995 2548 actus
1029 2510 1170 2546 habere
1205 2509 1330 2555 iubet,
1365 2522 1408 2545 ac
1439 2509 1470 2544 si
1503 2511 1684 2544 extarent

181 2583 256 2619 illae
288 2581 443 2627 fabulae,
477 2594 573 2629 quas
597 2581 729 2621 Πλειὰς
751 2579 1020 2616 Alexandrina
1044 2578 1270 2627 reliquerat,
1298 2578 1337 2613 in
1369 2577 1416 2612 iis
1449 2577 1531 2612 sine
1563 2575 1681 2612 dubio

183 2653 362 2687 accurate
410 2649 658 2686 observatam
704 2649 831 2694 legem
877 2648 1151 2683 inveniremus.
1214 2645 1306 2690 Quae
1349 2645 1442 2682 solae
1481 2647 1571 2693 post
1607 2643 1681 2680 hoo

181 2722 336 2768 tempus
369 2718 419 2755 ad
449 2731 520 2755 nos
551 2720 818 2767 pervenerunt
851 2715 1071 2765 tragoediae,
1105 2714 1281 2760 Senecae,
1314 2726 1527 2762 numquam
1558 2711 1605 2749 ab
1637 2725 1682 2747 ea

182 2786 382 2823 recedunt.
