1926 3275
102 276 168 321 ΠΙ,
184 278 214 320 1,
228 277 341 311 7—28
761 275 944 310 Asinaria.
1528 281 1605 320 109

685 400 1023 443 Philaenium

100 473 252 528 Neque
283 487 395 526 quae
419 476 541 515 recte
566 472 735 514 faciunt
759 473 885 526 culpo
909 487 1050 527 neque
1075 486 1185 526 quae
1210 473 1470 528 delinquunt
1493 488 1603 516 amo.

729 543 981 586 Cleareta

102 615 218 658 Satis
249 615 448 657 dicacula
478 629 523 657 es
555 616 754 657 amatrix.

683 688 1022 729 Philaenium

767 759 922 811 Mater,
951 759 989 801 is
1021 763 1248 813 quaestust
1277 759 1403 800 mihi:

101 829 269 884 Lingua
299 830 451 884 poscit,
483 843 641 883 corpus
673 831 858 883 quaerit,
890 831 1058 872 animus
1090 836 1200 882 orat,
1230 845 1300 872 res
1331 834 1490 873 monet.

729 900 982 943 Cleareta

101 971 195 1024 Ego
225 976 269 1013 te
299 972 421 1014 uolui
451 973 690 1025 castigare3
721 977 770 1014 tu
799 972 904 1014 1111111
936 974 1184 1015 accusatrix
1215 973 1332 1015 ades.

684 1043 1020 1085 Philaenium

101 1115 251 1167 Neque
276 1115 431 1169 edepol
453 1119 496 1157 te
522 1129 680 1157 accuso
704 1130 846 1169 neque
869 1116 916 1156 id
939 1130 1007 1157 me
1031 1115 1176 1157 facere
1199 1115 1266 1158 fas
1286 1117 1515 1158 existumo.
1542 1122 1610 1155 510

101 1186 266 1228 Uerum
296 1201 375 1240 ego
406 1200 526 1229 meas
559 1201 718 1241 queror
740 1186 953 1239 fortunas,
979 1200 1109 1240 quom
1132 1187 1207 1229 illo
1232 1201 1361 1241 quem
1385 1202 1482 1230 amo
1507 1202 1608 1242 pro-

1060 1258 1226 1300 ln'beor.

730 1330 984 1372 Cleareta

102 1401 256 1455 Ecqua
285 1415 387 1455 pars
419 1402 629 1444 orationis
661 1401 713 1443 de
745 1402 815 1444 die
847 1402 1022 1444 dabitur
1052 1401 1188 1444 mihi?

686 1473 1025 1515 Philaenium

102 1543 159 1584 Et
189 1558 331 1585 meam
362 1549 534 1598 partem
562 1544 772 1600 loquendi
803 1549 847 1587 et
876 1548 999 1587 tuam
1028 1544 1156 1586 trado
1187 1544 1280 1596 tibi,

104 1615 172 1656 Ad
193 1615 459 1670 loquendum
485 1621 615 1669 atque
640 1617 697 1658 ad
720 1617 955 1658 tacendum
977 1620 1027 1658 tu
1048 1620 1098 1658 ut
1119 1615 1284 1657 habeas
1309 1616 1605 1670 portisculum.

107 1686 220 1736 Quin
251 1688 325 1741 pol
356 1688 393 1729 si
422 1688 614 1742 reposiui
643 1702 822 1740 remum,
854 1688 949 1730 sola
980 1702 1058 1741 ego
1090 1687 1134 1728 in
1167 1689 1355 1729 casteria
1544 1695 1610 1727 515

105 1757 190 1800 Ubi
221 1759 412 1813 quiesco,
443 1760 583 1802 omnis
613 1759 805 1801 familiae
837 1773 969 1801 causa
1000 1759 1201 1801 consistit
1229 1759 1321 1800 tibi.

734 1830 987 1872 Cleareta

107 1899 223 1950 Quid
253 1901 317 1943 ais
348 1906 409 1954 tu,
441 1916 573 1956 quam
604 1916 683 1955 ego
714 1916 845 1943 unam
868 1902 960 1943 uidi
982 1901 1209 1943 mulierem
1233 1901 1610 1943 audacissumam‘?

107 1971 318 2021 Quotiens
348 1976 392 2015 te
422 1974 545 2015 uotui
574 1974 866 2028 Argyrippum
895 1973 1032 2014 filium
1062 1973 1319 2014 Demaeneti

107 2042 366 2097 Conpellare
398 2048 476 2085 aut
506 2049 779 2087 contrectare
812 2044 1069 2097 conloquiue
1102 2048 1178 2086 aut
1209 2045 1387 2085 contui?

108 2114 221 2164 Quid
252 2116 403 2157 dedit?
435 2116 548 2166 Quid
579 2116 803 2170 deportari
833 2116 960 2158 iussit
990 2115 1046 2157 ad
1076 2116 1185 2158 nos?
1216 2115 1281 2156 Tu
1310 2116 1392 2157 tibi
1545 2121 1611 2154 520

106 2185 255 2228 Uerba
284 2187 448 2228 blanda
478 2201 572 2229 esse
603 2202 757 2229 aurum
787 2201 897 2239 rere,
931 2187 1049 2228 dicta
1080 2187 1210 2229 docta
1241 2201 1319 2240 pro
1353 2187 1476 2228 datis.

106 2256 232 2299 Ultro
264 2271 397 2309 amas,
429 2259 546 2300 ultro
579 2259 830 2313 expetessis,
861 2259 976 2300 ultro
1009 2258 1066 2299 ad
1096 2262 1140 2300 te
1171 2258 1335 2299 arcessi
1365 2257 1501 2299 iubes.

106 2327 210 2370 Illos
242 2330 316 2383 qui
347 2329 464 2381 dant,
496 2344 569 2371 eos
601 2330 793 2382 derides3
826 2330 900 2382 qui
932 2329 1146 2371 deludunt
1177 2330 1360 2383 deperis.

107 2399 174 2440 An
204 2404 248 2440 te
279 2400 323 2440 id
355 2404 588 2454 expectare
620 2405 804 2455 oportet,
838 2401 973 2454 siquis
1003 2401 1234 2454 promittat
1263 2400 1345 2441 tibi

108 2470 167 2511 Te
198 2469 418 2512 facturum
449 2471 642 2524 diuitem,
674 2472 710 2513 si
740 2473 951 2513 moriatur
980 2476 1121 2513 mater
1152 2472 1259 2512 sua?
1545 2470 1610 2503 525

107 2541 293 2583 Ecastor
323 2542 448 2584 nobis
480 2543 689 2596 periclum
721 2547 764 2584 et
793 2542 984 2583 familiae
1015 2542 1305 2596 portenditur,

108 2612 221 2654 Dum
252 2614 342 2655 eius
375 2617 656 2667 expectamus
686 2618 880 2666 mortem,
911 2628 964 2655 ne
995 2628 1073 2656 nos
1104 2615 1342 2655 moriamur
1374 2612 1498 2654 fame.

201 2782 266 2814 512
290 2781 423 2825 Egoua
517 2783 583 2815 514
606 2784 687 2816 tute
718 2782 854 2816 habeas
949 2783 1016 2816 520
1046 2783 1106 2815 An
1136 2784 1177 2815 tu
1209 2781 1278 2815 tibi
1372 2782 1438 2815 522
1470 2781 1607 2815 accersi

109 2838 174 2871 523
201 2837 344 2872 dederis
440 2839 505 2872 525
530 2838 688 2872 moritur
711 2841 831 2873 mater
855 2842 919 2873 tua
1012 2840 1078 2873 526
1102 2838 1282 2882 periclum
1307 2848 1483 2881 magnum
