1926 3275
168 265 252 306 360
827 253 1010 288 Asinaria.

169 391 322 428 omissis
359 391 493 426 tamen
531 400 593 425 vv.
628 386 807 423 98—-99,
877 381 1019 419 Eidem
1065 381 1232 418 debetur
1278 394 1314 418 v.
1354 381 1404 418 96
1435 379 1586 430 potam
1629 380 1678 416 in:

170 459 256 497 cod.
283 458 314 495 Β
346 457 395 495 ab
427 456 540 493 initio
571 455 647 492 fuit
683 448 878 503 „potest“,
913 449 982 487 sed
1012 449 1152 486 ultima
1182 449 1320 486 littera
1351 461 1462 485 erasa
1493 451 1562 485 est.
1609 447 1676 484 Fl.

175 524 327 576 „potis“
365 524 509 571 edidit,
546 525 694 573 praeter
724 519 1016 564 necessitatem3
1041 517 1166 566 potes
1194 517 1377 554 ultimam
1407 516 1585 566 corripit.
1620 535 1676 540 —-

170 591 448 640 circumduce,
480 593 505 629 i.
541 604 572 628 e.
605 590 717 635 falle,
751 586 960 633 defrauda,
995 585 1041 623 cf.
1074 585 1214 622 Bacch.
1251 586 1351 623 307:
1389 583 1454 632 „Si
1484 583 1574 620 med
1603 583 1682 620 illo

170 676 267 701 auro
298 664 410 699 tanto
443 654 787 696 circumduxerit“.
834 655 953 692 1177.
996 653 1139 691 Pseud.
1174 655 1268 690 431.
1305 653 1396 690 530.
1431 653 1525 689 638.
1565 651 1676 688 Poen.

172 732 265 768 979.
302 729 421 766 1291.
464 726 572 764 Trin.
607 726 699 763 859.
742 723 900 760 Trucul.
936 723 1029 759 861.
1061 741 1119 747 —
1151 723 1216 759 97.
1249 721 1395 758 Versus
1427 733 1598 767 mancus,
1630 722 1685 756 ut-

168 799 347 843 videtur3
386 809 478 833 nam
508 794 573 833 vel
603 794 636 830 si
666 790 713 830 id
742 794 832 829 ante
868 787 990 828 hodie
1030 789 1173 836 addas,
1214 788 1318 838 quod
1356 789 1433 826 nisi
1471 788 1590 825 fallor
1629 800 1685 824 ex

168 866 287 904 Festo
318 879 356 915 p.
394 864 477 909 198¹
507 861 586 910 („si
617 861 658 898 id
690 856 911 906 effeceris“)
955 859 996 894 in
1029 857 1142 894 codd.
1177 857 1441 894 deterioribus
1472 858 1683 905 receptum

169 938 246 981 est,
278 934 411 970 hiatus
441 934 533 980 post
569 927 732 976 „hodie“
768 929 835 965 vix
874 927 970 964 ferri
1000 929 1146 976 potest.
1207 925 1375 975 Antiqui
1407 924 1495 961 edd.
1533 921 1674 971 ,‚Tibi“

168 1003 209 1040 in
232 1001 428 1052 principio
452 1011 588 1036 versus
613 997 824 1043 addebant,
857 995 938 1032 FL:
977 994 1216 1042 „offuturum
1246 991 1356 1039 me“;
1389 1005 1472 1039 nos,
1505 1005 1554 1029 ne
1580 991 1685 1029 duo*

168 1071 242 1108 bus
266 1070 361 1106 locis
387 1067 539 1116 aliquid
563 1066 750 1103 omissum
774 1066 1007 1114 putaretur:
1045 1063 1101 1109 „si
1125 1061 1168 1100 ΐιι
1191 1058 1238 1099 id
1258 1058 1419 1098 hodie“.
1463 1059 1583 1097 Gertz
1620 1060 1685 1105 „si

169 1138 269 1176 illud
300 1134 443 1174 hodie“
479 1134 664 1172 malebat.
690 1153 747 1158 ——
771 1134 835 1169 98.
863 1142 947 1169 mm
973 1140 1110 1180 opera,
1144 1131 1168 1167 i.
1197 1143 1228 1166 e.
1253 1142 1332 1166 non
1358 1129 1508 1166 maiore
1541 1140 1684 1177 opera,

170 1219 281 1255 aeque
308 1205 436 1251 facile,
465 1204 546 1240 sive
574 1201 735 1239 additur
759 1201 956 1237 sententia
980 1200 1148 1236 relativa
1171 1199 1253 1235 sive
1277 1196 1447 1244 auditur,
1482 1196 1529 1233 cf.
1554 1195 1681 1233 Most.

172 1275 273 1312 254:
311 1272 423 1320 „Una
454 1284 575 1322 opera
606 1270 704 1306 ebur
737 1271 957 1306 atramento
990 1267 1244 1304 candefacere
1268 1263 1487 1316 postules“.
1534 1264 1680 1301 Pseud.

174 1343 274 1380 318:
327 1354 428 1390 „qua
474 1351 594 1389 opera
641 1337 796 1374 credam
834 1336 927 1382 tibi,
967 1335 1057 1373 Una
1096 1347 1218 1384 opera
1259 1334 1428 1383 adligem
1469 1332 1679 1380 fugitiuam

172 1423 305 1448 canem
352 1408 508 1456 agninis
547 1403 758 1443 lactibus“.
821 1404 933 1453 Capt.
970 1404 1061 1441 557.
1125 1402 1252 1440 Casin.
1287 1402 1380 1439 286.
1442 1399 1549 1437 Men.
1583 1400 1686 1437 782..

172 1479 267 1516 784.
304 1478 396 1515 513.
456 1475 724 1524 Frequentius
771 1472 916 1509 dicitur
962 1469 1105 1510 eadem
1151 1480 1296 1519 opera,
1342 1472 1388 1506 ut
1431 1468 1537 1505 infra
1585 1468 1680 1505 633.

171 1546 283 1596 Capt.
317 1545 411 1582 448.
444 1543 563 1580 Most.
602 1543 722 1579 1023.
757 1541 804 1578 al.
837 1561 892 1565 —-
925 1540 1069 1578 Servus
1103 1539 1159 1576 ait
1190 1552 1231 1576 se
1261 1541 1344 1575 tam
1374 1537 1488 1574 facile
1519 1537 1560 1573 in
1591 1548 1686 1573 aere

170 1614 335 1665 piscari,
369 1613 409 1649 in
440 1612 540 1648 mari
578 1610 734 1656 venari,
777 1622 893 1658 quam
934 1608 1039 1657 apud
1078 1607 1215 1644 herum
1256 1608 1461 1656 argentum
1502 1616 1682 1654 quaerere

171 1695 304 1732 posse,
336 1684 548 1729 utrumque
581 1691 690 1727 aeque
721 1677 863 1714 inutile
897 1690 1000 1723 esse,
1036 1675 1222 1724 quoniam
1254 1687 1325 1711 nec
1356 1674 1485 1723 pisces
1516 1675 1558 1710 in
1589 1684 1685 1709 aere·

172 1764 244 1788 nec
282 1750 374 1786 ferae
412 1749 453 1785 in
494 1747 592 1784 mari
624 1759 694 1782 nec
727 1748 935 1793 argentum
968 1743 1075 1794 apud
1104 1743 1242 1780 herum
1273 1742 1539 1779 inveniantur.
1602 1739 1688 1777 Sed

175 1819 414 1856 obscuratur
453 1816 700 1864 aliquantum
739 1815 936 1850 sententia
975 1825 1038 1858 eo,
1073 1811 1179 1860 quod
1209 1813 1331 1860 poeta
1362 1809 1528 1847 alteram
1558 1809 1687 1845 actio-⁷

174 1900 260 1923 nem
301 1885 522 1922 accuratius
563 1881 789 1919 describens
830 1880 1085 1918 instrumenti
1132 1879 1346 1916 ablativum
1394 1877 1518 1914 addit.
1579 1876 1682 1913 Nam

174 1956 480 1992 instrumentum
504 1953 649 2001 posuit,
675 1964 754 1988 non
786 1962 863 1998 quo
897 1948 968 1985 soli
999 1951 1162 1984 utantur
1193 1950 1415 1993 venatores,
1443 1944 1681 1983 venabulum

176 2026 245 2060 aut
275 2021 522 2069 indaginem,
556 2019 625 2056 sed
657 2019 709 2065 ei,
744 2018 811 2067 qui
842 2018 882 2053 in
914 2017 1015 2053 mari
1046 2016 1181 2052 venari
1211 2015 1319 2061 velit,
1354 2014 1491 2051 saltem
1524 2015 1683 2062 aptiora

177 2092 441 2128 instrumenta
487 2087 704 2125 concedens
749 2085 834 2123 Tc'fe
878 2080 1059 2122 ‘iaculum
1102 2084 1235 2133 ponit,
1284 2083 1309 2118 i.
1343 2095 1374 2118 e.
1422 2084 1524 2128 rete,
1575 2079 1684 2129 quod

177 2160 332 2196 iacitur.
395 2157 479 2193 Hoc
519 2159 586 2193 aut
622 2158 706 2192 rete
744 2153 914 2191 iaculum
957 2155 1025 2188 aut
1065 2151 1299 2200 simpliciter
1330 2149 1499 2186 iaculum
1532 2147 1686 2185 dictumv

178 2240 261 2264 esse
292 2226 482 2270 videmus,
515 2227 560 2261 ut
591 2222 747 2260 Trucul.
783 2223 854 2259 35:
892 2220 1035 2267 „Quasi
1066 2220 1107 2256 in
1137 2219 1326 2268 piscinam
1359 2220 1445 2254 rete
1478 2217 1545 2266 qui
1576 2218 1685 2253 iacu-

178 2296 257 2331 lum
289 2292 443 2342 parat“.
490 2291 591 2339 (Mil.
619 2293 696 2329 991
724 2290 827 2327 idem
851 2280 934 2325 voc.
960 2286 1270 2324 restituendum:
1309 2285 1435 2332 „Dum
1468 2284 1544 2321 sibi
1575 2286 1688 2321 iacu-

178 2364 258 2400 lum
284 2363 359 2398 huc
384 2362 644 2405 transmittat,
673 2371 773 2408 quae
797 2357 913 2394 huius
938 2357 1097 2406 cupiens
1124 2351 1381 2404 corporist“).
1416 2352 1527 2390 Ovid.
1547 2352 1634 2389 Art.
1651 2351 1687 2398 I,

181 2432 280 2467 763:
320 2429 417 2476 „Hic
448 2428 575 2465 iaculo
607 2428 747 2477 pisces,
781 2425 851 2462 illa
881 2425 1091 2473 capiuntur
1123 2423 1170 2460 ab
1201 2423 1338 2468 hamis,
1372 2421 1446 2458 Hic
1473 2434 1568 2457 cava
1593 2432 1690 2456 con-

180 2502 290 2534 tento
322 2498 423 2533 retia
452 2496 543 2532 fune
574 2493 778 2531 trahunt“.
840 2493 988 2530 Auson.
1022 2492 1148 2541 Epist.
1182 2492 1227 2538 4,
1264 2492 1334 2527 56:
1379 2489 1456 2536 „Et
1485 2488 1613 2525 iacula
1644 2489 1687 2524 et

180 2563 361 2603 fundas“.
410 2564 538 2609 Quare
571 2563 749 2600 codicum
781 2562 1018 2609 scripturam
1044 2560 1090 2596 ab
1117 2560 1204 2596 aliis
1230 2557 1463 2606 corrigendo
1488 2558 1685 2593 tentatam

185 2633 336 2681 (Both.:
376 2631 544 2678 „Uenari
576 2635 706 2668 autem
739 2629 895 2667 iaculod
919 2629 958 2665 in
984 2628 1115 2665 medio
1140 2625 1280 2664 mari“.
1327 2626 1409 2662 FL:
1448 2624 1525 2671 „Et
1548 2624 1688 2660 uenari

183 2704 312 2738 autem
344 2699 509 2736 reticulo
540 2700 579 2735 in
611 2712 659 2735 m.
692 2695 789 2744 n1.“)
824 2698 1012 2733 intactam
1044 2696 1207 2744 reliqui,
1241 2695 1317 2731 nisi
1349 2692 1454 2743 quod
1484 2705 1556 2742 pro
1586 2691 1690 2739 rete,

184 2768 287 2817 quod
320 2767 431 2803 codd.
464 2767 651 2816 praebent,
686 2767 780 2814 quia
810 2778 947 2802 versus
978 2764 1134 2812 longam
1163 2762 1354 2812 syllabam
1378 2760 1568 2811 postulat,
1594 2759 1685 2796 soli-

183 2840 262 2873 tam
297 2835 456 2872 ablativi
488 2834 651 2870 formam
688 2831 811 2879 „reti“
847 2832 909 2868 vel
940 2829 1085 2877 .,1·ctei“
1116 2830 1315 2876 substitui,
1341 2829 1388 2866 cf.
1407 2828 1512 2865 Prol.
1530 2841 1567 2877 p.
1592 2828 1687 2864 195.
