1926 3275
267 323 348 362 386
922 318 1102 352 Asinaria.

269 469 317 474 —
347 449 438 486 374.
465 445 630 496 hostire,
656 447 832 494 reddere,
859 447 905 485 cf.
929 449 1019 484 171.
1052 447 1180 484 Affert
1194 447 1295 485 Non.
1314 462 1351 498 p.
1373 449 1408 485 3.
1426 468 1483 473 —
1503 449 1595 486 376.
1615 448 1761 486 Hiatur

267 521 333 555 aut
370 521 461 566 post
498 526 664 554 reem-ro
701 517 741 552 in
781 528 945 562 caesura,
987 519 1056 552 aut
1085 519 1176 565 post
1209 516 1251 553 tu
1285 513 1348 563 (cf.
1383 515 1493 566 Capt.
1527 517 1629 553 442:
1675 517 1759 563 „Tu

263 587 338 624 hoc
370 582 497 635 age“).
543 584 684 621 Hiatus
715 584 944 621 removendi
975 597 1093 621 causa
1117 583 1177 620 Fl.
1216 582 1346 630 „tute“
1382 584 1509 631 scrib.,
1543 584 1648 634 quod
1677 598 1758 623 non

265 658 323 692 est
364 657 517 703 aptum,
557 651 704 689 Miiller
747 655 814 699 „tu
851 650 1021 698 istunc“,
1068 651 1134 688 vix
1178 651 1330 689 melius.
1371 673 1427 677 —
1465 653 1558 690 377.
1602 651 1752 700 „Quin“

264 723 393 772 inquit
425 721 600 758 Libanus
644 733 835 769 „propere
872 720 963 756 hinc
1003 717 1136 757 abis?“
1188 719 1265 757 Sed
1295 721 1455 758 facetias
1488 734 1666 770 quaerens
1695 721 1756 758 fu-

263 789 396 840 giendi
440 788 559 826 verbo
604 789 748 834 utitur3
796 788 930 836 fugere
977 789 1079 825 enim
1123 788 1241 826 talem
1282 802 1436 826 servum
1476 788 1631 836 decere,
1672 791 1757 827 eius

264 854 448 908 Officium
479 870 580 903 esse,
615 857 660 894 cf.
696 856 744 893 ad
780 858 869 893 172.
931 855 990 893 Ex
1021 857 1118 894 locis
1149 855 1205 893 ibi
1238 857 1369 894 allatis
1409 857 1619 907 apparebit
1648 861 1756 895 recte

263 927 354 964 olim
387 924 633 962 emendatum
666 938 750 962 esse
777 924 902 962 tumn.
949 924 1034 962 Hoc
1066 928 1193 962 autem
1225 925 1330 962 facto
1354 938 1436 962 voc.
1464 939 1500 974 q.
1528 939 1558 962 e.
1585 925 1756 963 officium

262 996 427 1044 primam
462 994 638 1043 corripit.
699 993 793 1030 Mox
826 1003 873 1031 ccc
902 995 979 1030 iam
1012 993 1069 1030 ed.
1103 1006 1162 1043 pr.

377 1199 468 1235 378.
501 1197 701 1235 Mercator
733 1197 893 1235 advenit
925 1198 1134 1235 comitante
1166 1211 1290 1235 servo.
1339 1197 1507 1246 Peregre
1530 1200 1755 1236 venientem

263 1266 464 1315 chlamyde
504 1266 686 1302 indutum
727 1279 808 1303 esse
846 1267 928 1303 veri
966 1266 1089 1303 simile
1122 1269 1198 1312 est,
1247 1269 1285 1302 et
1329 1267 1368 1302 in
1407 1267 1526 1303 titulo
1563 1268 1755 1316 proximae

262 1348 384 1372 scenae
431 1334 656 1384 appellatur
707 1332 1051 1383 „Chlamydatus“.
1127 1333 1309 1371 Iambicis
1357 1335 1592 1384 septenariis
1639 1348 1755 1372 scena

262 1404 408 1452 scripta
446 1406 515 1439 est.
554 1423 610 1426 —
650 1404 741 1439 379.
774 1412 924 1450 petere,
974 1403 1132 1451 antiqua
1178 1402 1348 1439 vocativi
1389 1403 1532 1449 forma,
1575 1402 1621 1439 cf.
1657 1404 1751 1441 882.

262 1471 371 1508 Curc.
406 1472 469 1507 75.
502 1471 621 1508 Most.
657 1471 748 1508 302.
789 1470 909 1507 Merc.
945 1471 1037 1508 900.
1074 1471 1165 1507 918.
1206 1469 1346 1507 Pseud.
1385 1471 1474 1507 169.
1514 1471 1622 1508 Pers.
1656 1473 1750 1509 ¹790.

261 1539 374 1576 Truc.
410 1540 500 1576 532.
562 1539 722 1576 Duobus
759 1539 853 1576 locis
893 1539 933 1575 in
972 1539 1165 1575 Plautinis
1207 1536 1318 1576 codd.
1350 1549 1460 1587 puer
1502 1539 1668 1588 legitur,
1708 1542 1754 1576 ut

263 1608 349 1644 aliis
392 1608 627 1644 testimoniis
672 1620 749 1644 non
795 1607 1069 1653 convincatur,
1116 1606 1236 1644 Merc.
1278 1608 1357 1644 910
1399 1610 1438 1644 et
1476 1606 1617 1644 Pseud.
1657 1608 1750 1654 253,

261 1689 345 1725 quae
384 1675 614 1723 corrigenda
654 1678 785 1713 censet
814 1674 978 1721 Muller,
1016 1674 1176 1712 Nachtr.
1210 1689 1247 1724 p.
1286 1676 1375 1712 139.
1414 1695 1471 1700 *-
1511 1676 1602 1712 381.
1633 1671 1751 1722 frem-

260 1741 326 1792 qiz‘.
387 1743 603 1791 Vulgatum
656 1757 857 1780 servorum
911 1745 1127 1781 convicium
1176 1747 1235 1780 est
1280 1756 1364 1780 cum
1410 1744 1477 1790 iis,
1525 1744 1593 1792 qui
1636 1743 1752 1780 nimis

257 1811 508 1848 vehementer
553 1812 654 1849 fores
700 1812 858 1861 pulsare
903 1812 1100 1849 videntur.
1178 1811 1250 1848 Hic
1297 1811 1451 1861 quidem
1499 1812 1656 1858 anxius,
1703 1824 1751 1848 ne

257 1879 448 1929 pulsando
487 1879 669 1917 Sauream
710 1884 862 1926 evocet,
904 1883 992 1916 ante
1032 1893 1113 1916 rem
1151 1880 1293 1916 factam
1336 1879 1553 1916 convicium
1598 1879 1748 1929 incipit.

258 1968 313 1972 —
352 1948 443 1985 383.
490 1944 566 1985 lem?
611 1945 704 1997 quic(
750 1943 925 1985 habebas
969 1945 1068 1994 lter,
1121 1948 1167 1984 cf.
1208 1947 1293 1984 Ter.
1335 1947 1435 1984 Eun.
1474 1948 1599 1985 1065:
1651 1948 1752 1994 „iter

257 2015 329 2052 hac
372 2013 531 2052 habui“.
578 2036 633 2039 —
685 2011 920 2053 Commune
964 2016 1094 2066 lepide
1143 2011 1256 2063 fores
1309 2015 1393 2051 heri
1447 2015 1506 2052 sui
1560 2015 1748 2065 appellat,

258 2083 362 2133 quod
400 2083 574 2120 imitatus
614 2088 670 2120 est
711 2083 822 2120 Ovid.
857 2084 988 2120 Amor.
1022 2083 1058 2130 I,
1094 2084 1136 2130 6,
1171 2085 1242 2120 74:
1289 2082 1501 2132 „Duraque
1540 2095 1750 2120 conservae

256 2151 362 2200 ligna
392 2151 519 2188 valete
550 2150 692 2188 fores“.
741 2151 795 2189 Cf.
822 2152 950 2188 Plaut.
978 2151 1088 2189 Curc.
1112 2152 1162 2189 40
1195 2151 1242 2187 de
1274 2152 1424 2188 lenonis
1458 2151 1607 2188 aedibus
1643 2164 1748 2198 „sce-

256 2219 394 2256 lestam
426 2221 656 2256 seruitutem
689 2218 907 2257 seruiunt“.
956 2219 1081 2257 Catul.
1110 2221 1173 2265 (37,
1202 2221 1243 2256 3:
1283 2220 1444 2265 „Ianua,
1479 2232 1595 2269 quam
1626 2218 1749 2256 Balbo

257 2287 391 2324 dicunt
428 2285 633 2324 seruisse“.
665 2307 722 2311 ——
755 2288 846 2324 384.
880 2285 1055 2335 Ποεΐνίς,
1094 2288 1118 2324 i.
1153 2301 1184 2324 e.
1218 2290 1364 2324 nostrae
1402 2287 1578 2334 familiae,
1619 2286 1665 2324 cf.
1699 2286 1748 2324 ad

257 2354 398 2405 Amph.
419 2356 510 2392 395.
557 2355 957 2405 Interpretamentum
989 2357 1028 2392 in
1061 2355 1172 2393 codd.
1206 2356 1306 2392 male
1338 2355 1514 2392 additum
1548 2352 1745 2402 (aedibus)

256 2424 339 2459 iure
378 2423 493 2459 eiecit
523 2423 736 2460 Acidalius.
777 2444 833 2447 —
873 2425 964 2461 385.
998 2420 1174 2471 fom'bus.
1232 2424 1426 2461 Accurate
1464 2424 1642 2472 loquenti
1680 2426 1748 2460 aut

256 2491 359 2527 fores
393 2490 616 2528 cardinibus
648 2495 716 2528 aut
747 2491 926 2529 cardines
957 2491 1160 2529 liminibus
1193 2491 1347 2541 effringi
1381 2491 1624 2538 dicerentur,
1657 2503 1747 2528 nam

257 2560 507 2607 antiquorum
532 2559 712 2596 cardines
728 2559 942 2607 liminibus,
963 2560 1158 2610 superiori
1184 2563 1223 2596 et
1247 2560 1437 2606 inferiori,
1463 2559 1597 2596 inserti
1618 2562 1744 2605 erant,

256 2639 290 2662 v.
324 2626 574 2674 Marquardt,
607 2626 717 2664 Rom.
747 2627 1146 2665 Privatalterthiimer
1176 2628 1205 2674 I,
1237 2641 1275 2677 p.
1310 2628 1402 2664 233.
1435 2647 1491 2652 -—
1523 2627 1614 2664 386.
1647 2626 1747 2664 Post

257 2690 438 2741 exenwlo
468 2693 611 2731 hiatus.
658 2695 821 2744 Antiqui
853 2695 939 2732 edd.
978 2693 1067 2741 „tu“
1104 2695 1315 2742 addebant,
1348 2694 1496 2732 Ritsch.
1529 2693 1637 2731 Neue
1666 2693 1744 2731 Ex-

257 2774 367 2797 curse
404 2774 441 2810 p.
477 2762 526 2798 62
572 2760 824 2811 „exemplod“
870 2763 1077 2800 scribebat.
1117 2783 1173 2789 —
1212 2760 1283 2812 qui
1321 2761 1540 2812 quaerunt,
1583 2775 1633 2799 sc.
1673 2761 1745 2798 ali-

256 2841 370 2877 quem
400 2828 463 2864 hic
494 2828 746 2866 habitantem.
772 2850 828 2855 —
853 2831 944 2867 387.
972 2830 1068 2868 Post
1098 2828 1225 2869 ianua
1256 2831 1388 2868 hiatus
1419 2833 1460 2868 in
1492 2829 1656 2867 diaeresi.
1689 2849 1745 2854 —

260 2898 349 2933 388.
378 2893 645 2943 calcitronem,
671 2897 694 2933 i.
714 2910 744 2933 e.
772 2897 837 2946 qui
862 2910 902 2934 se
927 2897 1096 2934 calcibus
1121 2899 1299 2945 infestet3
1324 2898 1402 2935 vid.
1420 2898 1519 2935 Non.
1542 2910 1579 2946 p.
1599 2897 1651 2934 44
1669 2909 1742 2946 sq.,
