1926 3275
750 237 1030 282 Prolegomena.
1563 244 1582 283 1
1591 244 1613 284 5
1621 245 1640 283 1

141 366 358 414 emendate,
390 365 591 404 interdum
622 380 666 404 ea
694 367 757 404 vel
788 367 1129 417 apertissimorum
1153 367 1340 405 vitiorum
1370 369 1537 406 societas
1568 372 1641 417 est,

139 437 185 472 ut
213 435 297 472 fere
327 434 432 472 idem
457 434 589 471 Plauti
620 437 840 483 contextus,
875 449 991 485 quem
1020 436 1135 473 nobis
1167 436 1356 473 exhibent
1386 437 1508 474 codex
1527 437 1642 475 Pala-

139 502 462 540 tino-Vaticanus
496 504 715 554 ceterique,
750 505 868 541 etiam
898 503 1028 541 Nonio
1067 503 1299 541 obversatus
1331 518 1416 542 esse
1447 505 1641 543 videatur.

842 759 938 812 ΠΙ.

177 872 234 920 De
274 872 400 922 Plauti
441 873 591 923 fabulis
632 874 862 937 posteriore
900 879 1091 938 'tempore
1131 874 1352 939 descriptis
1392 880 1436 923 et
1472 875 1607 925 editis.

253 1044 440 1084 Criticam
478 1060 596 1097 quam
636 1047 772 1084 dicunt
807 1047 1030 1085 fabularum
1059 1047 1191 1086 Plauti
1229 1048 1435 1085 historiam
1465 1049 1643 1087 Ritsche-

137 1113 213 1151 lius
258 1114 299 1151 in
345 1114 688 1152 dissertationibus
725 1115 865 1152 Museo
904 1115 1094 1153 Rhenano
1140 1130 1174 1153 a.
1221 1117 1325 1154 1835
1374 1116 1423 1153 al.
1469 1117 1642 1165 insertis,

139 1195 236 1231 quas
279 1185 418 1231 postea
461 1183 502 1219 in
540 1182 826 1232 Opusculorum
872 1184 949 1221 vol.
981 1184 1019 1221 H
1056 1185 1233 1233 repetiit,
1279 1185 1321 1221 in
1358 1184 1560 1234 Parergis,
1602 1185 1645 1222 in

137 1249 435 1299 Prolegomenis
465 1250 686 1288 Trinummi
724 1254 807 1288 tam
848 1255 1029 1289 accurate
1067 1255 1108 1289 et
1145 1252 1302 1302 copiose
1341 1253 1558 1300 enarravit,
1598 1255 1644 1290 ut

137 1317 220 1355 fere
264 1318 363 1355 nihil
402 1318 495 1355 addi
531 1320 669 1368 possit.
730 1319 854 1357 Nobis
892 1320 956 1356 vel
993 1320 1210 1368 legentium
1247 1321 1288 1356 in
1325 1333 1457 1367 usum,
1496 1321 1560 1358 vel
1598 1323 1643 1358 ut

137 1388 319 1423 nostram
359 1386 400 1423 in
443 1387 684 1425 recensendo
729 1388 923 1425 rationem
968 1388 1228 1437 explicemus,
1275 1401 1425 1425 summa
1468 1388 1645 1426 breviter

137 1466 371 1503 percurrere
401 1455 531 1491 liceat.
1360 1455 1365 1457 ’

251 1521 427 1559 Primum
472 1520 740 1560 confitendum
781 1525 856 1570 est,
904 1522 1107 1560 Plautinas
1153 1523 1327 1570 fabulas,
1376 1523 1512 1573 quales
1558 1524 1644 1573 ipse

137 1589 303 1627 Plautus
347 1590 568 1639 scripserit,
614 1590 773 1627 restitui
811 1604 891 1628 non
929 1604 1066 1640 posse,
1115 1591 1262 1640 quippe
1303 1604 1400 1639 quas
1437 1605 1486 1628 ne
1516 1591 1642 1628 Varro

139 1658 298 1708 quidem
330 1658 445 1695 aliter
475 1658 642 1707 scriptas
672 1657 870 1705 habuerit,
904 1671 1022 1707 quam
1053 1658 1101 1695 ab
1132 1658 1392 1695 histrionibus
1424 1661 1640 1707 acceperat,

138 1727 208 1777 qui
246 1739 269 1763 a
312 1725 528 1763 maioribus
572 1726 739 1763 traditas
785 1727 903 1763 etiam
947 1729 1039 1775 post
1075 1726 1207 1763 Plauti
1251 1730 1419 1764 mortem
1465 1729 1640 1774 egerant.

136 1793 270 1832 Aureo
317 1797 357 1831 et
400 1797 586 1843 argenteo
631 1794 856 1831 litterarum
902 1794 1168 1831 Romanarum
1214 1795 1366 1832 saeculis
1410 1794 1507 1831 XXI
1551 1794 1640 1841 illae,

138 1876 235 1913 quas
273 1862 401 1900 Varro
446 1864 687 1908 secreverat,
735 1861 877 1899 fabulae
922 1862 1039 1911 vulgo
1078 1861 1329 1911 legebantur,
1369 1863 1524 1911 scriptae
1561 1862 1640 1899 illae

137 1930 298 1980 quidem
323 1944 368 1967 ea
389 1930 555 1977 ratione,
589 1943 667 1980 qua
697 1932 782 1966 tum
808 1929 1025 1966 utebantur
1049 1929 1238 1977 homines,
1263 1943 1344 1967 non
1367 1929 1486 1966 nullis
1509 1932 1642 1967 tamen

136 1999 284 2036 relictis
323 1998 559 2048 antiquioris
599 1998 721 2035 moris
758 1998 958 2047 vestigiis3
997 2011 1068 2034 nee
1107 1998 1140 2034 si
1179 2000 1274 2035 vota
1313 1997 1493 2034 facienda
1538 2000 1640 2044 sunt,

136 2066 245 2103 ultra
281 2065 468 2115 progredi
506 2066 617 2112 licet,
666 2078 783 2114 quam
826 2068 872 2102 ut
917 2065 1026 2102 illam
1071 2065 1241 2115 speciem
1286 2065 1349 2102 vel
1389 2066 1642 2114 antiquorum

136 2134 375 2171 testimoniis
412 2133 477 2170 vel
515 2133 622 2170 felici
659 2134 887 2170 coniectura
925 2146 1112 2170 revocare
1151 2134 1374 2182 contingat3
1418 2132 1487 2170 sed
1524 2132 1642 2180 longe

137 2201 262 2238 abest.
322 2201 455 2250 Atque
493 2201 645 2237 utinam
683 2204 837 2237 extaret
874 2201 1073 2250 integrum
1117 2200 1218 2237 illud
1263 2201 1482 2250 exemplar,
1531 2201 1642 2237 cuius

135 2268 268 2306 lacera
298 2269 518 2317 fragmenta
549 2281 596 2304 ex
626 2267 890 2305 Ambrosiano
922 2269 1056 2306 codice
1087 2269 1347 2318 palimpsesto
1386 2271 1500 2305 eruta
1536 2271 1639 2314 sunt,

137 2339 183 2374 ut
212 2336 331 2373 talem
362 2336 502 2373 saltem
533 2335 749 2384 legeremus
778 2335 984 2382 Plautum,
1018 2336 1175 2385 qualem
1205 2335 1362 2373 Servius
1393 2339 1433 2373 et
1462 2335 1641 2373 Donatus

136 2403 334 2453 legerant!
367 2406 594 2440 nostrorum
626 2402 803 2439 codicum
834 2403 920 2440 fons
951 2403 1014 2439 vel
1046 2403 1284 2453 archetypus
1316 2407 1357 2440 et
1388 2406 1504 2440 aetate
1542 2402 1640 2439 infe-

136 2471 220 2508 rior
258 2471 380 2507 fuisse
425 2468 629 2517 videtur*)
675 2473 714 2506 et
756 2473 909 2507 mature
952 2484 1112 2520 gravem
1156 2471 1339 2508 iniuriam
1383 2483 1522 2520 passus
1569 2472 1638 2506 est.

172 2589 206 2633 *)
235 2589 430 2634 Calliopz'o,
469 2600 578 2633 quem
614 2589 855 2623 Terentianae
892 2589 1037 2624 fabulas
1079 2589 1305 2624 recensuisse
1342 2592 1507 2631 constat,
1543 2588 1640 2623 hanc

231 2658 376 2691 quoque
406 2646 530 2680 Plauti
565 2646 818 2680 recensionem
850 2645 1074 2680 Ritschelius
1108 2646 1266 2691 (Proleg.
1293 2646 1393 2680 Trin.
1425 2658 1459 2690 p.
1484 2644 1541 2688 41)
1578 2644 1641 2679 tri-

229 2703 415 2737 buendam
452 2703 646 2745 censebat,
683 2703 769 2745 quia
805 2702 843 2736 in
877 2702 957 2737 cod.
992 2702 1247 2737 ottoboniano
1279 2703 1355 2737 eius
1386 2713 1523 2736 nomen
1555 2704 1641 2735 ante

229 2762 415 2793 extremos
442 2757 584 2792 Casinae
618 2761 656 2793 et
681 2758 897 2793 Cistellariae
928 2770 1056 2793 versus
1089 2759 1243 2803 legitur;
1275 2759 1339 2793 sed
1369 2758 1507 2793 codicis
1542 2766 1640 2790 anno

233 2817 320 2851 1468
345 2816 474 2860 scripti
505 2815 607 2850 nulla
639 2815 842 2850 auctoritas
877 2818 949 2859 est,
980 2826 1049 2850 nec
1079 2815 1241 2851 dubitari
1265 2817 1408 2860 potest,
1435 2813 1523 2858 quin
1547 2811 1641 2846 illud
