1926 3275
766 312 1046 357 Prolegomena.
1583 316 1602 354 1
1609 315 1664 355 93

844 494 984 548 ῙῙΙΙῙ.

718 610 786 660 De
825 610 1108 673 prosodia.

271 785 328 825 Ut
357 786 399 823 in
423 785 559 822 metris
587 798 649 822 ars
672 784 848 822 nondum
872 785 1029 823 exculta
1052 784 1232 835 quaedam
1255 784 1330 822 sibi
1353 784 1472 822 licere
1494 786 1666 834 putavit,

157 867 245 905 quae
276 867 348 892 nec
373 853 500 891 Graeci
530 867 602 891 nec
632 866 768 891 eorum
799 853 942 900 aemuli,
974 852 1109 890 Latini
1138 853 1332 903 Augustei
1363 853 1496 891 saeculi
1525 857 1668 903 poetae,

156 921 390 973 probarunt,
408 921 465 958 ita
481 921 600 958 etiam
620 922 662 959 in
686 921 928 970 syllabarum
951 921 1145 958 mensuris
1168 924 1296 959 metro
1321 921 1668 960 accommodandis

157 990 323 1028 Plautus
360 1002 441 1027 non
477 992 560 1026 tam
598 990 717 1027 certis
756 989 912 1038 legibus
953 989 1213 1039 adstringitur
1251 1003 1370 1040 quam
1414 991 1668 1040 posteriores.

157 1059 285 1105 Quam
322 1058 440 1095 metri
477 1060 623 1095 natura
659 1057 789 1106 legem
825 1057 960 1108 ponit,
1000 1060 1045 1095 ut
1083 1058 1126 1094 in
1162 1070 1281 1095 versu
1321 1058 1469 1107 quaevis
1515 1058 1670 1107 syllaba

159 1130 230 1165 aut
259 1126 381 1174 longa
412 1128 482 1163 aut
510 1125 643 1163 brevis
682 1126 752 1173 sit,
793 1124 922 1162 eidem
960 1126 1180 1164 communis
1218 1126 1421 1163 hominum
1461 1139 1592 1164 sermo
1629 1128 1670 1165 in

159 1194 359 1245 plerisque
391 1193 571 1231 omnibus
601 1196 737 1243 paret,
770 1206 840 1231 nec
870 1197 1005 1231 tamen
1034 1193 1121 1232 fieri
1151 1207 1230 1231 non
1259 1197 1411 1244 potest,
1443 1197 1490 1232 ut
1519 1195 1672 1244 syllaba

159 1264 295 1313 aliqua
331 1262 445 1312 quasi
481 1262 523 1299 in
560 1262 691 1300 medio
730 1261 867 1299 relicta
904 1265 987 1299 tam
1024 1275 1099 1312 pro
1138 1263 1257 1313 longa
1294 1275 1411 1313 quam
1448 1275 1522 1313 pro
1559 1262 1671 1300 brevi

161 1345 245 1370 esse
268 1331 406 1382 possit.
447 1329 515 1367 Fit
535 1329 621 1378 hoc,
648 1330 816 1367 maxime
839 1329 908 1367 ubi
932 1343 1144 1369 concursus
1167 1331 1343 1381 plurium
1367 1332 1671 1369 consonantium

160 1400 305 1450 linguae
351 1396 630 1437 difficultatem
681 1398 856 1448 aliquam
907 1399 1195 1449 pronuntiandi
1242 1402 1369 1446 creat,
1416 1402 1462 1437 ut
1506 1398 1670 1448 syllaba,

161 1467 341 1517 quamvis
378 1466 526 1504 vocalis
567 1469 827 1504 consonantes
864 1467 952 1504 illas
992 1467 1230 1505 antecedens
1267 1466 1400 1504 brevis
1436 1467 1509 1515 sit,
1541 1470 1673 1505 tamen

163 1535 377 1573 difficulter
419 1547 494 1585 pro
539 1534 650 1572 brevi
693 1536 989 1585 pronuntietur.
1051 1535 1128 1574 Sed
1167 1548 1287 1585 quam
1326 1535 1403 1573 sibi
1440 1535 1513 1573 hac
1550 1536 1593 1573 in
1631 1549 1673 1573 re

162 1603 362 1653 posterior
393 1605 490 1640 aetas
519 1601 608 1639 fixit
636 1602 846 1652 positionis
877 1603 1015 1653 legem,
1048 1617 1132 1641 eam
1157 1602 1323 1641 Plautus
1347 1603 1524 1641 nondum
1554 1617 1672 1653 agno-

162 1685 272 1710 scere
301 1671 479 1718 videtur,
513 1670 621 1721 apud
651 1683 765 1720 quem
797 1683 877 1708 non
908 1671 1036 1709 solum
1073 1674 1184 1709 muta
1221 1675 1312 1709 ante
1342 1671 1535 1721 liquidam
1565 1673 1672 1722 posi-

161 1741 312 1778 tionem
342 1752 421 1777 non
451 1738 568 1786 facit,
601 1738 672 1776 sed
700 1752 749 1776 ne
781 1742 919 1777 ceterae
952 1739 1112 1789 quidem
1150 1742 1412 1778 consonantes
1445 1740 1673 1790 compositae

163 1821 319 1858 semper
348 1808 510 1845 faciunt.
550 1807 699 1844 Verum
730 1807 851 1844 etiam
882 1806 1053 1856 syllabas
1076 1821 1155 1845 una
1179 1808 1416 1845 consonanti
1438 1808 1674 1846 terminatas

163 1876 510 1927 posteriorumque
540 1874 688 1912 iudicio
719 1878 945 1913 constanter
973 1875 1114 1914 breves
1139 1876 1342 1913 interdum
1365 1875 1473 1926 apud
1487 1875 1674 1913 Plautum

163 1943 381 1995 productas
411 1944 599 1981 invenias.
661 1942 737 1981 Hic
767 1944 979 1993 quaeritur,
1012 1947 1146 1982 utrum
1175 1932 1298 1995 poeta
1327 1947 1494 1994 propter
1528 1944 1674 1993 linguae

165 2012 338 2063 inopiam
375 2012 521 2050 vitiosa
557 2011 715 2049 licentia
753 2025 846 2049 usus
885 2012 955 2059 sit,
996 2026 1046 2049 an
1085 2013 1206 2050 etiam
1244 2015 1358 2050 extra
1402 2025 1559 2050 versum
1604 2012 1675 2049 has

165 2080 338 2130 syllabas
376 2080 494 2118 aliter
532 2082 651 2129 atque
689 2081 933 2129 posteriores
964 2080 1297 2130 pronuntiaverit.
1358 2080 1415 2118 Ac
1454 2083 1565 2127 sunt,
1607 2080 1674 2130 qui

167 2148 331 2185 credant
375 2149 593 2198 antiquitus
631 2148 815 2185 Latinam
862 2148 1038 2198 linguam
1083 2149 1212 2198 longis
1257 2147 1417 2197 syllabis
1462 2148 1675 2185 admodum

166 2215 404 2264 abundasse,
445 2229 580 2253 earum
617 2216 762 2253 multas
801 2217 945 2254 sensim
983 2216 1023 2253 in
1060 2215 1201 2254 breves
1239 2217 1450 2263 transisse,
1490 2216 1676 2253 Plautum

167 2287 300 2321 autem
338 2296 383 2321 eo
404 2287 599 2333 'tempore
638 2284 802 2330 vixisse,
844 2297 922 2334 quo
962 2284 1083 2321 etiam
1121 2297 1225 2321 nunc
1265 2287 1464 2321 restarent
1507 2284 1678 2332 vestigia

167 2350 449 2401 longitudinis,
492 2364 578 2401 quae
617 2351 666 2389 ab
704 2352 820 2389 initio
861 2351 1012 2388 fuisset.
1072 2350 1236 2389 Mallem
1268 2364 1333 2388 eos
1365 2351 1532 2398 dixisse,
1574 2352 1676 2388 eius-

169 2419 275 2456 modi
314 2418 504 2467 syllabae,
545 2432 642 2468 quas
680 2419 943 2468 posteriorum
983 2432 1195 2456 consensus
1233 2418 1374 2456 breves
1414 2432 1496 2456 esse
1535 2419 1676 2466 voluit,

168 2486 354 2524 Plautina
385 2489 503 2524 aetate
535 2487 728 2536 ancipites
761 2486 901 2533 fuisse;
934 2501 1024 2524 nam
1056 2487 1192 2537 quales
1225 2490 1314 2524 ante
1331 2487 1465 2524 Plauti
1491 2486 1678 2525 saeculum

169 2554 330 2602 fuerint,
362 2555 522 2592 omnino
554 2555 792 2604 ignoramus.
855 2554 944 2602 Sed,
978 2555 1087 2604 quod
1117 2554 1167 2592 ad
1197 2568 1279 2592 rem
1311 2555 1467 2601 attinet,
1500 2556 1533 2592 si
1563 2559 1680 2605 paret

171 2635 306 2660 omnes
338 2623 495 2659 omnino
526 2622 667 2660 breves
707 2623 877 2672 syllabas
908 2623 1094 2660 Plautum
1132 2622 1386 2672 produxisse,
1425 2623 1678 2672 negligentiae

170 2690 288 2727 metri
333 2704 450 2727 causa
496 2691 710 2728 commissae
757 2690 830 2727 hoc
867 2690 1122 2728 tribuendum
1160 2691 1336 2738 videtur,
1377 2691 1438 2728 sin
1479 2691 1531 2728 ad
1568 2694 1679 2728 certa

172 2756 353 2806 quaedam
392 2757 633 2807 syllabarum
670 2771 816 2808 genera
852 2758 934 2796 haec
973 2758 1133 2795 licentia
1170 2759 1362 2808 pertinet,
1403 2772 1450 2796 ea
1480 2759 1548 2796 illo
1579 2761 1677 2796 tem-

170 2838 267 2875 pore
306 2826 493 2875 ancipitia
530 2826 651 2863 fuisse
690 2827 773 2863 veri
808 2827 934 2864 simile
966 2830 1036 2864 est.
1098 2826 1251 2864 Rursus
1281 2840 1362 2864 non
1393 2840 1483 2864 raro
1515 2825 1676 2875 syllabae

171 2892 298 2943 longae
331 2893 437 2943 apud
452 2893 640 2931 Plautum
667 2895 812 2943 corripi
840 2893 1035 2941 videntur,
1070 2895 1237 2931 maxime
1267 2896 1325 2931 ita
1355 2898 1410 2940 ut,
1442 2893 1511 2931 ubi
1541 2906 1678 2930 versus

1363 2969 1404 3002 13
