1926 3275
144 270 189 314 V,
206 272 236 314 1,
249 271 364 304 4—14
810 269 992 304 Asinaria.
1573 274 1652 313 129

728 394 1063 450 Argyrippus

144 466 312 518 Pietas,
360 470 508 521 pater,
557 466 695 509 oculis
742 466 937 509 dolorem
983 467 1208 521 prohibet;
1263 480 1528 521 quamquam
1573 481 1652 521 ego

815 594 821 600 .
1105 539 1247 580 istanc
1279 552 1389 590 amo,

144 609 327 652 Possum
365 610 567 664 equidem
602 610 812 652 inducere
851 611 1063 663 animum,
1102 624 1157 652 ne
1189 623 1319 663 aegre
1350 609 1518 664 patiar,
1550 610 1654 665 quia

1104 686 1252 724 tecum
1281 680 1488 723 adcubat.
1585 687 1654 721 825

717 753 1078 795 Demaenetus

144 824 284 866 Decet
313 824 610 866 uerecundum
641 838 735 866 esse
767 823 1105 876 adulescentem,
1136 824 1392 879 Argyrippe.

733 894 1066 950 Argyrippus

1301 951 1482 1006 Edepol,
1514 956 1652 1006 pater,

145 1024 302 1065 Merito
334 1026 410 1065 tuo
440 1022 588 1064 facere
619 1037 806 1077 possum.

722 1094 1084 1136 Demaenetus

785 1166 876 1220 Age
908 1180 1011 1219 ergo
1042 1166 1126 1207 hoc
1157 1166 1369 1218 agitemus
1404 1166 1653 1208 conuiuium

146 1238 257 1280 Uino
291 1241 334 1280 et
364 1252 560 1280 sermone
592 1238 735 1290 suauj3
765 1238 867 1279 11010
899 1251 978 1291 ego
1010 1238 1158 1288 metui,
1190 1237 1329 1278 amari
1358 1237 1543 1290 mauolo,

146 1310 205 1351 Mi
236 1313 379 1363 gnate,
413 1323 481 1351 me
513 1309 591 1351 abs
621 1313 678 1351 te.

733 1381 1070 1435 Argyrippus

521 1453 601 1495 Pol
633 1466 712 1506 ego
743 1457 977 1505 utrumque
1007 1452 1133 1504 facio,
1163 1456 1213 1493 ut
1244 1455 1474 1506 aequomst
1504 1450 1652 1492 filium.

724 1523 1080 1565 Demaenetus

148 1597 334 1639 Credam
363 1597 489 1646 istuc,
521 1596 557 1636 si
589 1609 681 1637 esse
712 1599 755 1637 te
786 1595 973 1637 hilarum
1007 1594 1173 1636 uidero.

732 1667 1065 1721 Argyrippus

782 1738 849 1779 An
879 1742 928 1779 tu
960 1751 1052 1779 esse
1083 1751 1151 1779 me
1183 1737 1356 1778 tristem
1385 1737 1547 1790 putas?
1585 1742 1654 1776 830

726 1811 1081 1851 Demaenetus

146 1882 299 1924 Putem
338 1895 416 1935 ego
455 1896 583 1936 quem
619 1881 793 1924 uideam
833 1896 970 1936 aeque
1011 1895 1106 1923 esse
1139 1884 1372 1932 maestum,
1406 1880 1532 1934 quasi
1562 1880 1653 1922 dies

1108 1953 1145 1994 si
1177 1952 1296 1994 dicta
1325 1952 1410 1993 sit?

732 2025 1066 2079 Argyrippus

146 2082 210 2124 Ne
243 2081 354 2123 dixis
384 2081 509 2123 istuc.

723 2153 1080 2195 Demaenetus

534 2223 598 2265 Ne
631 2224 693 2265 sic
723 2224 876 2276 fueris3
907 2224 1008 2265 ilico
1042 2237 1120 2277 ego
1151 2237 1238 2265 non
1271 2222 1434 2264 dixero.

734 2295 1066 2350 Argyrippus

147 2367 270 2419 Hem,
301 2370 494 2421 aspecta,
526 2366 660 2408 rideo.

725 2436 1082 2479 Demaenetus

594 2508 771 2550 Utinam
802 2508 914 2550 male
947 2509 1021 2563 qui
1051 2508 1156 2549 mihi
1187 2508 1341 2550 uolunt
1372 2508 1433 2550 sic
1465 2507 1647 2550 rideant.

734 2580 1066 2634 Argyrippus

150 2651 248 2693 Scio
287 2651 487 2706 equidem
526 2665 656 2704 quam
695 2651 748 2693 ob
788 2665 878 2691 rem
919 2665 1005 2701 me,
1037 2655 1183 2705 pater,
1216 2655 1265 2692 tu
1296 2650 1467 2692 tristem
1500 2650 1651 2692 credas

1106 2735 1220 2764 nunc
1251 2722 1352 2764 tibi:

241 2837 307 2869 828
332 2839 373 2869 ut
465 2836 529 2869 831
558 2837 600 2868 ut
624 2834 726 2878 quasi
789 2834 899 2868 ducta
