1926 3275
131 316 158 358 Ι,
187 318 215 358 1,
241 317 385 349 45—74.
763 314 998 358 Amphitruo.
1584 318 1633 355 13

129 442 291 483 Uerum
308 441 431 494 quasi
449 439 662 481 adfuerim
686 443 844 487 tamen,
869 439 1084 480 simulabo
1111 443 1241 491 atque
1267 438 1416 479 audita
1441 436 1632 491 eloquar.

133 513 217 555 Sed
249 527 332 566 quo
365 513 492 553 modo
525 516 568 553 et
598 511 744 552 uerbis
777 511 932 564 quibus
964 526 1031 552 ine
1065 511 1221 552 deceat
1251 510 1500 561 fabularier‚

130 586 256 626 Prius
287 586 378 639 ipse
410 598 580 625 mecum
611 585 744 624 etiam
774 583 873 624 uolo
906 583 977 624 hic
1008 583 1221 624 meditari.
1274 582 1345 623 Sic
1376 583 1459 624 hoc
1491 583 1635 636 prolo-

114 646 117 649 ἢ
1230 659 1393 706 quarz'

133 729 347 783 Principio
365 734 414 769 ut
429 729 504 769 illo
523 728 789 769 aduenimus.
816 727 890 768 ubi
913 727 1099 780 primum
1123 730 1285 767 terrani
1307 727 1542 780 tetigimus,
1571 733 1637 766 200

135 800 349 842 Continuo
382 800 638 854 Amphitruo
670 799 834 851 delegit
863 800 980 840 uiros
1011 799 1248 852 primorum
1281 799 1514 852 principes.

133 873 218 915 Eos
250 873 386 926 legat;
419 872 617 913 Telebois
649 872 771 913 iubet
803 872 1065 912 sententiam
1096 875 1145 912 ut
1177 871 1328 912 dicant
1360 885 1501 912 suam:

136 945 180 987 Si
212 946 302 987 sine
333 945 377 986 ui
409 949 452 986 et
484 945 574 985 sine
607 944 721 985 bello
758 944 897 984 uelint
927 947 1055 996 rapta
1086 948 1129 983 et
1160 948 1359 996 raptores
1391 943 1579 990 tradere,

136 1017 180 1059 Si
212 1032 322 1071 quae
350 1017 641 1070 asportassint
666 1016 863 1063 reddere,
890 1030 934 1056 se
962 1016 1199 1057 exercitum
1224 1015 1440 1068 extemplo
1466 1015 1640 1056 domum

134 1090 442 1139 Reducturum,
477 1089 672 1130 abituros
705 1102 810 1141 agro
835 1088 1030 1140 Argiuos,
1054 1102 1209 1141 pacem
1236 1092 1366 1140 atque
1400 1088 1533 1128 otium
1573 1093 1640 1125 205

135 1162 251 1204 Dare
283 1162 388 1212 illis;
429 1162 495 1201 sin
535 1161 662 1201 aliter
702 1161 815 1200 sient
846 1160 1026 1200 animati
1057 1173 1195 1212 neque
1228 1159 1331 1200 dent
1364 1174 1473 1212 quae
1506 1163 1639 1212 petat,

137 1234 241 1276 Sese
263 1235 397 1286 igitur
421 1247 587 1274 summa
608 1233 653 1273 ui
677 1233 869 1285 uirisque
895 1246 1044 1273 eorum
1069 1232 1277 1285 oppidum
1302 1244 1639 1285 oppugnassere.

135 1306 256 1348 Haec
289 1306 361 1347 ubi
393 1305 594 1346 Telebois
627 1305 777 1346 ordine
809 1305 1038 1354 iterarunt,
1070 1318 1176 1356 quos
1209 1302 1482 1357 praefecerat

138 1378 406 1432 Amphitruo,
439 1377 705 1429 magnanimi
735 1377 819 1417 uiri
850 1375 952 1417 freti
983 1377 1146 1417 uirtute
1179 1380 1221 1416 et
1251 1375 1417 1416 uiribus

140 1450 334 1504 Superbe
366 1450 492 1490 nimis
524 1448 730 1490 ferociter
762 1449 926 1501 legatos
957 1453 1131 1489 nostros
1163 1448 1413 1501 increpant3
1575 1447 1642 1478 210

139 1522 419 1576 Respondent
448 1521 563 1562 bello
597 1535 640 1561 se
673 1525 717 1561 et
747 1535 847 1561 suos
879 1520 1015 1561 tutari
1045 1533 1194 1573 posse·⁷
1227 1518 1407 1572 proinde
1439 1519 1504 1559 uti

139 1595 327 1649 Propere
360 1595 447 1634 suis
480 1593 530 1633 de
563 1593 721 1633 finibus
753 1593 970 1633 exercitus
1004 1591 1254 1632 deduceret.

140 1667 260 1708 Haec
292 1667 365 1707 ubi
398 1667 531 1718 legati
563 1664 792 1717 pertulere,
824 1663 1078 1717 Amphitruo
1113 1663 1267 1703 castris
1297 1662 1398 1703 ilico

141 1740 348 1780 Producit
381 1753 549 1779 omnem
581 1738 838 1782 exercitium
872 1740 1024 1776 contra
1055 1735 1271 1775 Teleboae
1304 1749 1356 1775 ex
1388 1733 1546 1786 oppido

142 1812 354 1864 Legiones
387 1811 577 1852 educunt
607 1823 707 1850 suas
740 1809 867 1849 nimis
899 1807 1061 1865 pulcris
1095 1807 1225 1847 armis
1258 1806 1495 1859 praeditas,
1576 1810 1642 1843 215

256 1883 490 1935 Postquam
522 1883 739 1934 utrimque
773 1881 979 1921 exitumst
1010 1893 1211 1919 maxuma
1244 1878 1381 1931 copia,

258 1955 489 2008 Dispertiti
520 1954 617 2002 uiri,
652 1952 872 2007 dispertiti
904 1951 1089 1992 ordines,

258 2026 347 2067 Nos
371 2031 543 2067 nostras
567 2040 685 2067 more
711 2029 859 2066 nostro
887 2028 929 2064 et
952 2022 1078 2063 modo
1103 2023 1386 2063 instruximus
1415 2021 1644 2074 [legiones3

1242 2092 1363 2145 item]

260 2170 419 2212 Hostes
452 2173 604 2211 contra
634 2168 826 2221 legiones
859 2181 959 2208 suas
991 2167 1221 2208 instruunt.

259 2241 426 2283 Deinde
458 2241 631 2294 utrique
663 2241 950 2294 imperatores
982 2239 1025 2279 in
1057 2239 1247 2279 medium
1278 2239 1448 2285 exeunt,
1580 2234 1646 2267 220

259 2313 395 2355 Extra
424 2312 599 2354 turbam
632 2312 832 2353 ordinum
864 2310 1182 2363 conloquentur
1214 2309 1353 2350 simul.

261 2384 485 2435 Conuenit,
518 2384 625 2425 uicti
655 2384 742 2425 utri
774 2383 861 2424 sint
892 2397 942 2424 eo
975 2381 1154 2436 proelio,

259 2456 434 2507 Urbem,
467 2469 629 2509 agrum,
663 2469 774 2506 aras,
806 2454 926 2496 focos
959 2468 1088 2505 seque
1121 2452 1183 2493 uti
1219 2450 1440 2492 dederent.

260 2528 498 2580 Postquam
527 2527 571 2568 id
603 2532 801 2577 actumst,
832 2526 964 2567 tubae
996 2525 1211 2576 utrimque
1245 2526 1406 2563 canunt
1439 2526 1612 2571 contra3

264 2598 485 2640 Consonat
516 2603 654 2649 terra3
689 2599 922 2639 clamorem
954 2597 1170 2648 utrimque
1203 2593 1409 2635 ecferunt.
1584 2592 1649 2624 225

262 2670 505 2724 Imperator
536 2674 719 2722 uterque
751 2669 851 2710 hinc
884 2673 927 2709 et
957 2668 1077 2709 illinc
1111 2667 1203 2707 Ioui

240 2840 306 2873 204
336 2842 588 2883 asportassent
617 2838 816 2873 redderent
926 2840 992 2872 207
1026 2846 1295 2881 expugnassere
1401 2835 1466 2867 212
1497 2833 1541 2866 de
1576 2833 1649 2865 suis

150 2895 374 2930 deducerent
468 2898 533 2930 215
558 2896 741 2930 reducunt
835 2896 900 2929 226
927 2895 1111 2938 utrimqu(¹
