1926 3275
258 293 337 332 130
946 287 1068 321 Plauti
1497 285 1542 329 V,
1558 287 1588 330 1,
1604 286 1725 328 15-2‚
1738 286 1760 320 5

257 415 368 466 Quia
398 414 536 456 istaec
569 417 635 455 est
665 417 831 464 tecum;
864 416 995 465 atque
1028 426 1105 466 ego
1138 411 1314 465 quidem
1343 410 1490 453 hercle
1528 415 1578 453 ut
1606 426 1758 454 uerum

1211 483 1293 525 tibi
1325 483 1478 534 dicam,
1507 486 1646 537 pater,
1692 488 1760 522 835

253 558 319 599 Ea
355 571 425 598 res
463 571 530 598 me
566 556 680 598 male
710 555 864 607 habet,
906 559 953 596 at
989 569 1077 596 non
1116 569 1165 596 eo
1206 555 1308 608 quia
1343 554 1425 596 tibi
1461 569 1549 596 non
1588 555 1760 608 cupiam

1092 613 1095 616 Δ
1212 640 1324 680 quae
1353 626 1485 678 uelis3

254 701 415 743 Uerum
453 700 584 741 istam
622 713 738 751 amo3
779 698 911 740 aliam
949 702 1094 740 tecum
1133 712 1226 740 esse
1265 698 1467 751 equidem
1496 696 1626 739 facile
1658 711 1758 752 pos-

1215 784 1310 811 sum
1339 769 1521 824 perpeti.

825 853 1187 894 Demaenetus

252 927 310 968 At
341 939 419 978 ego
450 925 562 966 hanc
592 925 706 967 uolo.

837 995 1171 1049 Argyrippus

367 1068 482 1122 Ergo
508 1072 608 1109 sunt
632 1081 741 1121 quae
767 1072 968 1121 exopta83
993 1067 1099 1108 mihi
1123 1081 1234 1120 quae
1260 1080 1338 1120 ego
1363 1071 1535 1120 exopto,
1564 1080 1616 1108 ea
1641 1067 1756 1109 uolo.

827 1153 1186 1195 Demaenetus

252 1226 396 1268 Unum
425 1225 539 1267 hunc
570 1225 685 1266 diem
715 1228 966 1278 perpetere,
998 1225 1203 1277 quoniam
1239 1223 1322 1265 tibi
1358 1228 1624 1278 potestatem
1658 1224 1759 1266 dedi

255 1298 363 1339 Cum
406 1297 490 1339 hac
537 1311 698 1338 annum
737 1300 785 1338 ut
825 1311 942 1338 esses
981 1300 1113 1349 atque
1152 1281 1526 1350 amanti‘argenti
1563 1296 1648 1337 feci
1687 1310 1758 1337 co-

1212 1368 1341 1421 piam.
1691 1367 1759 1401 840

838 1454 1172 1508 Argyrippus

253 1527 376 1578 Hem,
407 1528 519 1568 istoc
550 1540 618 1567 me
648 1525 768 1567 facto
799 1526 881 1567 tibi
912 1526 1120 1567 deuinxti.

829 1612 1184 1653 Demaenetus

948 1683 1059 1733 Quin
1089 1687 1133 1724 te
1165 1696 1266 1736 ergo
1297 1683 1485 1726 hilarum
1518 1684 1594 1726 das
1625 1683 1759 1725 mihi?

377 1940 599 1982 MULIER
656 1938 964 1982 PARASITUS
1027 1938 1211 1980 SENEX
1270 1938 1643 1982 ADULESCENS

850 2009 1160 2051 MERETRIX.

866 2110 1155 2152 Artemona

255 2185 339 2226 Ain
368 2188 429 2235 tu,
462 2197 604 2224 meum
634 2183 776 2224 uirum
805 2181 876 2223 hic
908 2185 1074 2236 potare,
1108 2182 1302 2233 obsecro,
1336 2196 1433 2224 cum
1463 2182 1552 2224 filio

256 2256 314 2297 Et
345 2255 401 2296 ad
431 2256 617 2296 amicam
649 2254 854 2295 detulisse
888 2255 1068 2307 argenti·
1087 2254 1242 2307 uiginti
1271 2254 1426 2306 minas,

257 2328 441 2381 Meoque
473 2326 561 2367 filio
593 2326 757 2367 sciente
787 2326 832 2366 id
862 2325 1008 2366 facere
1040 2324 1254 2378 flagitium
1285 2326 1486 2379 patrem?

867 2411 1149 2453 Parasitus

258 2486 408 2539 Neque
441 2483 575 2525 diuini
605 2497 745 2537 neque
775 2483 879 2524 mihi
908 2482 1085 2524 humani
1122 2483 1305 2536 posthac
1344 2483 1577 2537 quicquam
1606 2481 1758 2523 adcre-

860 2607 863 2609 ,
1216 2554 1335 2605 duas,
1690 2552 1758 2586 845

259 2628 506 2677 Artemona,
540 2626 576 2667 si
606 2625 732 2667 huius
762 2626 826 2667 rei
857 2640 924 2667 me
958 2639 1051 2666 esse
1082 2625 1337 2666 mendacem
1367 2624 1599 2666 inueneris.

350 2795 416 2828 836
453 2805 494 2826 ac
530 2804 605 2827 non
643 2804 685 2827 eo
723 2794 811 2836 quin
932 2794 999 2827 838
1035 2796 1207 2837 exoptem
1244 2793 1330 2826 uolo
1452 2793 1516 2826 841
1555 2789 1756 2825 deuinxisti

259 2851 326 2886 842
350 2861 494 2884 mecum
