1926 3275
265 315 346 354 114
713 361 718 364 μ
951 313 1074 347 Plauti
1497 313 1562 357 111,
1581 316 1614 359 3,
1632 314 1764 349 11—25

263 439 346 490 Qui
379 453 473 480 sese
505 452 660 493 parere
693 438 908 492 adparent
937 437 1063 479 huius
1094 437 1274 492 legibus,
1305 437 1501 492 profecto

261 511 509 565 Numquam
539 510 680 552 bonae
710 509 826 563 frugi
857 511 981 561 sient,
1013 510 1104 551 dies
1136 510 1365 565 noctisque
1397 514 1564 565 potent.
1698 517 1765 553 595

896 581 1134 624 Leonida

262 655 328 698 Ne
358 656 441 697 iste
470 653 616 696 hercle
648 653 702 695 ab
734 653 819 695 ista
848 667 937 694 non
968 653 1123 707 pedem
1154 652 1362 705 discedat,
1392 653 1428 695 si
1458 654 1635 707 licessit,

264 727 347 778 Qui
378 740 493 768 nunc
523 725 701 767 festinat
732 729 862 778 atque
894 724 950 766 ab
982 724 1066 765 hac
1095 725 1287 766 minatur
1317 739 1412 767 sese
1443 725 1577 768 abire.

898 796 992 837 Lib
1004 810 1029 837 a
1038 810 1066 836 n
1075 811 1103 837 u
1112 810 1131 837 s

264 870 461 913 Sermoni
490 870 577 910 iam
606 868 735 909 finem
764 866 860 909 face
891 871 965 909 tuo
980 883 988 919 ;
1019 867 1149 908 huius
1180 882 1421 911 sermonem
1452 869 1678 924 accipiam.

846 939 884 980 A
893 953 914 979 r
924 953 950 992 g
958 954 984 993 y
993 939 1075 992 rip
1085 954 1112 992 p
1123 953 1151 980 u
1160 953 1179 980 s

262 998 385 1041 Uale.

845 1066 999 1108 Phila
1011 1080 1032 1108 e
1042 1081 1070 1107 n
1079 1066 1130 1108 iu
1140 1081 1184 1107 m

407 1140 500 1190 Quo
533 1139 774 1193 properas?

851 1209 1182 1263 Argyrippus

784 1281 902 1323 Bene
933 1281 1052 1322 ualel
1086 1280 1204 1334 apud
1236 1281 1395 1323 Orcum
1426 1286 1469 1324 te
1499 1282 1680 1335 uideb03

263 1355 375 1396 Nam
399 1353 599 1407 equidem
624 1367 692 1394 me
715 1353 804 1393 iam
830 1356 1041 1406 quantum
1064 1355 1211 1406 potest
1235 1367 1261 1394 a
1284 1354 1377 1395 uita
1400 1354 1674 1397 abiudicabo.
1700 1361 1769 1395 600

847 1423 1187 1465 Philaenium

264 1497 351 1539 Cur
379 1501 428 1538 tu
459 1496 640 1538 obsecro
671 1496 872 1537 inmerito
904 1509 999 1537 meo
1031 1509 1098 1536 me
1129 1496 1261 1537 morti
1292 1495 1453 1538 dedere
1486 1497 1645 1550 optas?

853 1567 1182 1626 Argyrippus

263 1639 389 1692 Egon
420 1639 491 1680 te‘?
523 1652 653 1692 quam
684 1639 719 1680 si
750 1638 1002 1692 intellegam
1034 1637 1219 1679 deficere
1250 1639 1356 1691 uita,
1386 1639 1474 1680 iam
1504 1639 1596 1693 ipse

264 1711 413 1753 Uitam
442 1725 583 1752 meam
614 1710 694 1752 tibi
723 1710 887 1764 largiar
918 1713 960 1751 et
992 1709 1045 1750 de
1076 1723 1173 1750 mea
1205 1709 1262 1751 ad
1292 1713 1413 1752 tuam
1444 1710 1614 1752 addam.

846 1780 1185 1822 Philaenium

267 1853 354 1895 Cur
386 1867 488 1906 ergo
519 1853 733 1894 minitaris
763 1853 844 1894 tibi
874 1856 917 1893 te
948 1853 1086 1894 uitam
1118 1866 1209 1894 esse
1242 1853 1531 1895 amissurum?

264 1924 377 1965 Nam
408 1924 511 1978 quid
541 1939 609 1965 me
640 1923 857 1965 facturam
887 1927 1030 1977 putas,
1058 1923 1093 1964 si
1116 1923 1230 1965 istuc
1258 1924 1373 1977 quod
1397 1925 1504 1966 dicis
1527 1924 1669 1965 faxis?
1701 1928 1769 1963 605

265 1996 374 2038 Mihi
405 1994 651 2048 certum[st]
685 1994 864 2037 ecficere
895 1995 940 2035 in
970 2008 1038 2036 me
1071 1995 1215 2036 omnia
1246 1995 1397 2037 eadem
1429 2009 1540 2049 quae
1570 1999 1618 2037 tu
1647 1996 1693 2037 in
1723 1998 1767 2037 te

1223 2065 1344 2108 faxis.

856 2136 1188 2191 Argyrippus

269 2209 304 2251 O
336 2209 463 2251 melle
496 2209 613 2250 dulci
645 2207 823 2249 dulcior.

849 2278 1186 2320 Philaenium

844 2350 951 2391 Mihi
983 2354 1100 2391 certe
1133 2351 1246 2392 enim
1276 2355 1324 2392 tu
1354 2351 1495 2393 uita's.

272 2422 572 2475 Conplectere.

854 2493 1187 2547 Argyrippus

600 2565 730 2605 Facio
762 2564 927 2605 lubens.

853 2635 1189 2677 Philaenium

954 2706 1130 2747 Utinam
1161 2707 1222 2748 sic
1255 2706 1509 2748 ecferamur.

364 2817 431 2849 602
456 2816 537 2860 Ego
608 2817 675 2850 607
700 2817 808 2851 dulce
834 2817 979 2851 dulcior
1004 2818 1094 2851 mihi
1119 2821 1159 2852 tu
1184 2829 1231 2852 es.
1270 2817 1343 2851 PH.
1372 2817 1479 2851 Certe
1504 2816 1603 2851 enim
1626 2818 1669 2850 tu
1691 2816 1771 2850 uita

274 2883 312 2906 es
337 2872 428 2905 mihi
