1926 3275
310 346 329 384 1
338 346 389 384 74
916 339 1023 373 Prole
1028 349 1195 383 gomena.

308 470 471 517 Quintil.
497 470 526 517 I,
557 471 618 507 ll.
663 469 763 506 Nam
793 470 970 515 „actores
997 464 1156 504 comici“
1185 469 1230 503 ut
1254 465 1309 503 ait
1331 464 1436 502 idem
1461 464 1726 511 Quintilianus
1750 465 1802 513 II,

311 540 373 585 10,
403 540 449 575 13
488 551 638 586 „neque
669 538 725 573 ita
754 549 928 586 prorSUS,
961 538 1005 572 ut
1036 548 1106 571 nos
1138 534 1255 583 vulgo
1287 533 1496 583 loquimur,
1529 535 1802 583 pronuntiant,

309 606 413 656 quod
445 609 545 643 esset
583 606 665 642 sine
704 608 806 651 arte,
846 616 973 652 neque
1011 602 1150 653 procul
1187 604 1321 639 tamen
1359 616 1382 639 a
1419 605 1563 639 natura
1599 602 1803 649 recedunt,

308 688 385 723 quo
417 675 513 711 vitio
543 674 692 723 periret
720 672 906 717 imitatio,
940 670 1008 708 sed
1038 683 1186 707 morem
1210 670 1425 707 communis
1451 671 1641 707 sermonis
1666 669 1805 707 decore

308 741 476 791 quodam
508 741 659 778 scenico
691 737 922 777 exornant“.

1004 996 1115 1048 VTL

901 1111 967 1160 De
1007 1112 1218 1160 metHS.

422 1285 554 1322 Metra
583 1284 748 1321 Plautus
785 1284 960 1322 imitatus
1002 1287 1062 1322 est
1101 1284 1328 1322 Graecorum
1368 1286 1594 1334 poetarum,
1642 1295 1808 1331 quorum

310 1353 461 1390 fabulas
492 1353 635 1390 Latine
673 1354 812 1400 vertit,
860 1353 928 1389 sed
968 1353 1030 1391 vel
1072 1353 1164 1402 quia
1199 1353 1304 1403 leges
1344 1353 1439 1389 artis
1483 1365 1563 1389 non
1608 1350 1656 1387 ab
1703 1350 1809 1386 omni

309 1424 421 1470 parte
452 1424 632 1458 accurate
662 1424 933 1470 perspexerat,
964 1421 1029 1458 vel
1053 1421 1146 1470 quia
1170 1421 1314 1458 Latina
1343 1421 1478 1470 lingua
1507 1417 1680 1456 nondum
1711 1418 1809 1455 satis

310 1489 489 1527 versibus
520 1492 691 1526 tractata
722 1488 986 1526 difficiliorem
1019 1489 1053 1526 01
1083 1489 1274 1526 reddebat
1307 1501 1487 1537 operam,
1520 1500 1600 1524 non
1629 1486 1730 1524 nihil
1760 1484 1809 1522 ab

311 1561 394 1594 arte
427 1557 651 1594 Graeoorum
683 1557 827 1594 differt.
890 1557 1041 1595 Sensim
1081 1560 1120 1594 et
1158 1570 1229 1606 per
1263 1557 1407 1593 multas
1437 1556 1641 1593 hominum
1671 1557 1808 1592 aetates

309 1626 444 1674 lingua
475 1626 524 1662 ad
556 1639 640 1662 eam
681 1626 916 1675 elegantiam
955 1626 1264 1674 facilitatemque
1301 1625 1503 1661 metricam
1543 1622 1699 1660 exculta
1737 1624 1807 1668 est,

312 1707 397 1742 qute
428 1694 469 1729 in
493 1693 624 1730 Ovidii
654 1694 832 1731 versibus
862 1695 1114 1744 perspicitur.
1162 1694 1329 1730 Plautus
1360 1693 1464 1729 inter
1493 1692 1640 1741 primos
1671 1689 1809 1727 funda-

310 1765 442 1798 menta
478 1762 586 1808 iecit3
636 1763 760 1799 secuti
799 1766 889 1799 sunt
926 1761 1077 1798 Ennius
1126 1762 1288 1811 aliique,
1328 1774 1407 1798 non
1453 1760 1569 1797 aliam
1606 1759 1665 1795 illi
1704 1758 1809 1795 viam

310 1830 495 1877 ingressi,
529 1829 597 1866 sed
629 1829 811 1876 eandem,
851 1831 928 1866 nisi
966 1829 1071 1879 quod
1109 1830 1375 1878 antiquissimi
1413 1829 1558 1877 quique
1588 1827 1706 1877 plura
1735 1825 1809 1863 sibi

310 1897 428 1934 licere
473 1900 667 1947 putarunt
711 1901 750 1934 et
794 1901 957 1947 propter
1002 1898 1147 1945 linguae
1193 1897 1466 1934 condicionem
1504 1898 1645 1945 putare
1685 1894 1810 1932 coacti

311 1968 423 2011 sunt,
457 1978 541 2014 quae
565 1965 724 2002 licentia
744 1966 941 2003 Romanos
968 1966 1145 2003 cultioris
1170 1967 1300 2002 aetatis
1330 1978 1409 2001 11011
1439 1964 1601 2014 paulum
1634 1962 1808 2009 offendit,

311 2034 583 2081 grammaticos
616 2037 744 2070 autem
776 2034 825 2070 ad
856 2034 1045 2083 Augustei
1083 2033 1213 2071 saeculi
1244 2033 1348 2082 leges
1380 2045 1462 2068 rem
1493 2032 1698 2068 metricam
1729 2031 1810 2067 exi-

312 2104 447 2149 gentes
480 2101 678 2137 interdum
708 2103 875 2138 maxime
906 2102 1094 2139 turbavit.
1146 2101 1274 2147 Quare
1304 2103 1350 2137 ut
1378 2101 1420 2136 in
1452 2113 1632 2136 sermone
1662 2098 1808 2145 Plauti,

313 2170 490 2216 quamvis
523 2172 634 2206 tanta
664 2170 746 2206 eius
779 2171 906 2217 gratia
936 2171 998 2216 sit,
1031 2172 1075 2206 ut
1098 2169 1245 2215 Musas,
1279 2170 1311 2205 si
1335 2168 1476 2204 Latine
1501 2167 1641 2204 locutae
1667 2169 1808 2213 essent,

314 2249 359 2272 eo
391 2249 527 2272 usuras
560 2237 679 2273 fuisse
709 2237 846 2273 Aelius
876 2237 943 2274 ille
974 2237 1071 2274 Stilo
1104 2237 1261 2282 dixerit,
1294 2239 1425 2272 tamen
1456 2235 1519 2271 1110
1550 2235 1632 2272 illic
1663 2235 1810 2284 asperi-

313 2307 433 2340 tatem
481 2304 675 2353 quandam
717 2318 908 2354 apparere
948 2305 1137 2351 fatemur,
1177 2305 1235 2341 ita
1271 2304 1313 2340 in
1343 2317 1385 2340 re
1417 2303 1599 2349 metrica,
1633 2302 1810 2351 quamvis

315 2385 417 2421 saepe
449 2374 616 2419 gratiam
648 2373 887 2421 singularem
921 2376 959 2410 et
990 2373 1211 2421 elegantem
1241 2385 1427 2409 versuum
1454 2371 1660 2408 decursum
1689 2370 1810 2407 admi-

315 2453 463 2486 remur,
497 2443 628 2476 tamen
659 2444 836 2477 nostrum
868 2454 945 2477 non
976 2444 1035 2477 est
1064 2453 1208 2488 negare
1246 2440 1445 2489 permulta
1483 2438 1618 2475 durius
1654 2438 1812 2488 prolata

316 2511 355 2542 et
386 2508 483 2543 artis
513 2521 651 2556 parum
684 2509 845 2545 excultae
877 2509 1102 2546 testimonia
1132 2521 1228 2554 esse,
1260 2521 1330 2544 nec
1356 2507 1706 2556 praestantissimos
1731 2519 1811 2542 ser-

315 2575 440 2610 monis
471 2574 604 2611 Latini
636 2575 803 2613 artifices
835 2580 952 2625 atque
984 2576 1082 2614 adeo
1115 2589 1248 2613 omnes
1287 2576 1464 2621 omnino,
1498 2575 1566 2623 qui
1596 2573 1678 2611 haec
1709 2572 1832 2610 com·'

316 2646 591 2688 memorarunt,
624 2644 758 2692 inique
788 2644 981 2681 iudicasse
1014 2657 1225 2690 censemus,
1252 2643 1359 2693 quod
1381 2642 1565 2679 Plautum
1595 2655 1674 2679 non
1707 2641 1812 2678 omni

316 2712 410 2745 nota
455 2713 675 2757 exemptum
722 2712 1010 2748 existimarunt.
1087 2711 1149 2748 Sic
1194 2712 1296 2747 enim
1336 2711 1525 2747 Horatius
1569 2708 1655 2746 Art.
1702 2712 1810 2759 poet.

319 2778 398 2812 270
431 2789 537 2824 sqq.:
577 2776 652 2821 „At
681 2779 802 2813 vestri
828 2779 967 2827 proavi
994 2779 1194 2815 Plautinos
1227 2782 1266 2815 et
1296 2791 1481 2815 numeros
1513 2781 1551 2814 et
1581 2777 1811 2814 Laudavere

317 2843 435 2889 salvs,
474 2844 637 2879 nimium
677 2845 875 2893 patienter
911 2848 1141 2893 utrumque,
1175 2846 1233 2882 Ne
1265 2846 1392 2883 dicam
1423 2845 1560 2892 stulte,
1593 2846 1744 2891 mirati,
1779 2845 1812 2881 si

319 2911 432 2947 modo
465 2924 534 2960 ego
567 2915 606 2947 ct
637 2925 706 2948 vos
731 2912 880 2948 Scimus
914 2912 1147 2949 inurbanum
1171 2913 1304 2961 lepido
1329 2926 1518 2962 seponere
1543 2913 1648 2949 dicto
1665 2912 1811 2960 Legiti-
