1926 3275
180 279 229 324 ΙΙ,
242 280 275 324 4,
289 280 425 314 24—35
841 278 1024 314 Asinaria.
1605 285 1683 325 103

180 404 390 446 Dormitis
426 404 595 446 interea
632 404 748 446 domi
787 407 919 458 atque
961 419 1060 447 erus
1097 405 1142 445 in
1180 404 1305 457 hara,
1346 404 1463 447 haud
1502 407 1683 449 aedibus

1139 476 1286 518 habet.

179 548 261 590 Em
292 561 394 601 ergo
425 546 508 589 hoc
537 546 631 587 tibi.

817 618 1050 661 Libanus

673 689 852 744 Hospes,
883 694 926 732 te
959 691 1154 745 obsecro,
1188 692 1384 735 defende.

798 762 843 803 M
853 776 875 804 e
885 777 906 803 r
917 777 939 804 c
949 767 1034 805 ato
1045 778 1067 805 r

1397 825 1574 889 Saurea,
1607 851 1683 879 oro

179 903 279 946 Mea
310 918 441 946 causa
470 908 519 946 ut
548 905 708 955 mittas.

813 977 848 1018 L
859 991 880 1018 e
892 992 915 1018 o
925 977 1013 1018 nid
1024 991 1050 1018 a

726 1048 822 1090 Eho
854 1048 880 1100 †
912 1049 1059 1102 ecquis
1091 1063 1169 1103 pro
1201 1054 1382 1092 uectura
1413 1052 1517 1093 oliui

178 1120 287 1161 Rem
318 1119 477 1161 soluit?

811 1191 1048 1233 Libanus

482 1261 635 1304 Soluit.

809 1334 1048 1376 Leonida

658 1405 770 1456 Quoi
801 1406 1019 1447 datumst?

811 1477 1047 1518 Libanus

1028 1548 1177 1591 Sticho
1209 1550 1377 1593 uicario
1409 1552 1492 1605 ipsi
1613 1558 1682 1591 430

178 1620 283 1662 Tuo.

810 1691 1049 1732 Leonida

304 1762 414 1814 Uah,
448 1762 639 1804 delenire
672 1763 873 1817 adparas.
921 1763 1018 1805 Scio
1049 1763 1154 1804 mihi
1185 1764 1398 1805 uicarium
1430 1778 1521 1806 esse

176 1834 327 1888 Neque
359 1848 409 1876 eo
441 1848 532 1876 esse
565 1848 736 1876 seruom
766 1835 810 1875 in
848 1835 1030 1876 aedibus
1068 1836 1130 1876 eri
1169 1836 1242 1889 qui
1281 1836 1338 1877 sit
1375 1836 1511 1890 pluris
1551 1850 1681 1890 quam

1135 1907 1264 1948 illest.

177 1977 262 2019 Sed
292 1978 395 2019 uina
426 1991 538 2031 quae
569 1976 664 2018 heri
694 1977 871 2019 uendidi
901 1978 1072 2019 uinario
1104 1978 1391 2031 Exaerambo,

176 2049 270 2090 Iam
301 2063 379 2103 pro
410 2049 445 2089 is
477 2049 582 2090 satis
612 2049 716 2090 fecit
746 2049 927 2091 Sticho?

811 2120 1046 2162 Libanus

945 2192 1118 2234 Fecisse
1149 2193 1255 2234 satis
1287 2193 1459 2246 opinor;

175 2263 288 2304 Nam
317 2263 409 2304 uidi
438 2262 523 2304 huc
553 2263 693 2316 ipsum
724 2263 942 2305 adducere
968 2265 1229 2317 trapezitam
1246 2263 1578 2305 Exaerambum.
1612 2269 1680 2302 435

810 2335 1047 2376 Leonida

178 2405 249 2448 Sic
281 2405 461 2456 dedero3
492 2405 610 2457 prius
643 2419 753 2458 quae
785 2406 961 2457 credidi,
992 2406 1065 2447 uix
1097 2419 1208 2446 anno
1240 2408 1338 2458 post
1370 2406 1510 2458 exegi3

175 2477 302 2518 Nunc
326 2480 393 2518 sat
415 2477 525 2530 agit3
551 2476 730 2518 adducit
754 2477 929 2519 domum
953 2478 1084 2518 etiam
1106 2477 1221 2518 ultro
1240 2481 1283 2518 ct
1300 2477 1452 2518 scribit
1468 2492 1677 2519 nummos.

176 2548 339 2590 Dromo
371 2548 614 2589 mercedem
644 2549 842 2590 rettulit?

811 2620 1045 2661 Libanus

858 2691 1046 2732 Dimidio
1076 2691 1228 2741 minus,
1262 2691 1427 2743 opinor.

267 2789 334 2821 427
358 2787 504 2822 habitat
595 2789 662 2822 428
687 2787 780 2822 Hem
873 2789 939 2822 429
964 2787 1020 2821 Eo
1112 2789 1180 2822 430
1204 2786 1397 2821 Resoluit‘?
1424 2786 1482 2820 LI.
1507 2785 1679 2819 Resoluit

175 2844 243 2878 433
269 2844 329 2878 ille
354 2844 402 2879 sit
493 2846 560 2879 435
585 2840 767 2879 adducere
793 2847 830 2878 et
853 2845 1055 2888 rapczitam
1079 2843 1329 2878 Exorambum
1423 2843 1490 2875 436
1515 2853 1625 2885 quam
