1926 3275
126 351 171 394 II,
193 353 223 394 2,
241 352 399 385 94—105
759 348 996 392 Amphitruo.
1577 353 1630 390 45

722 474 1039 529 Amphitruo

126 536 176 577 In
208 535 368 577 somnis
399 534 612 575 fortasse?

738 605 1029 645 Alcumena

636 677 769 718 Immo
802 677 988 731 uigilans
1019 676 1289 730 uigilantem.

720 749 1040 803 Amphitruo

1310 805 1402 847 Uae
1433 806 1550 846 mihi.

808 878 963 919 Sosia

129 937 241 988 Quid
272 936 423 978 tibist?
818 938 824 944 '

724 1007 1041 1060 Amphitruo

445 1079 614 1121 Delirat
644 1094 765 1120 uxor.

807 1151 960 1193 Sosia

790 1224 900 1264 Atra
930 1223 1008 1265 bili
1040 1224 1266 1277 percitast3
1568 1224 1635 1256 720

128 1297 259 1338 Nulla
289 1311 359 1338 res
391 1302 478 1337 tani
512 1296 738 1337 delirantis
769 1296 966 1337 homines
999 1297 1229 1337 concinnat
1261 1296 1360 1336 cito.

722 1368 1041 1421 Amphitruo

130 1441 214 1483 Ubi
245 1447 292 1482 tu
322 1441 509 1495 primum
540 1441 620 1481 tibi
653 1441 838 1490 sensisti,
870 1440 1035 1485 mulier,
1068 1439 1360 1493 inpliciscier?

741 1511 1031 1552 Alcumena

130 1585 343 1639 Equidem
376 1589 549 1626 ecastor
581 1598 688 1625 sana
719 1588 761 1625 et
793 1583 915 1624 salua
947 1598 1052 1624 sum.

729 1656 1044 1709 Amphitruo

1070 1726 1156 1768 Cur
1185 1727 1317 1779 igitur
1347 1725 1586 1779 praedicas,

131 1802 191 1843 Te
222 1801 317 1843 heri
348 1816 414 1842 me
439 1800 612 1850 uidisse,
639 1800 711 1853 qui
737 1798 817 1840 hac
842 1804 973 1841 noctu
997 1800 1039 1839 in
1064 1802 1237 1852 portum
1262 1797 1434 1838 aduecti
1460 1798 1634 1838 sumus?

132 1873 199 1914 Ibi
231 1873 383 1915 cenaui
415 1876 547 1926 atque
579 1871 640 1912 ibi
673 1871 817 1924 quieui
850 1872 894 1912 in
926 1872 1029 1912 naui
1060 1876 1232 1912 noctem
1263 1874 1487 1923 perpetem
1570 1875 1636 1907 725

133 1944 284 1999 Neque
315 1959 457 1986 meum
488 1943 643 1998 pedem
674 1943 757 1984 huc
788 1943 915 1984 intuli
949 1944 1078 1985 etiam
1110 1943 1153 1983 in
1185 1942 1326 1993 aedis,
1357 1946 1405 1982 ut
1437 1955 1533 1982 cum
1565 1956 1636 1982 ex—

1094 2015 1231 2056 ercitu

134 2089 246 2129 Hinc
276 2087 494 2142 profectus
535 2103 629 2129 sum
667 2088 722 2128 ad
754 2087 967 2128 Teleboas
998 2086 1136 2127 hostis
1169 2100 1329 2139 eosque
1361 2090 1409 2126 ut
1442 2086 1634 2126 uicimus.

746 2159 1033 2200 Alcumena

135 2232 268 2273 Immo
301 2245 468 2273 mecum
501 2232 712 2272 cenauisti
745 2236 788 2272 et
819 2245 987 2272 mecum
1024 2230 1226 2271 cubuisti.

731 2302 1046 2356 Amphitruo

1245 2357 1358 2408 Quid
1390 2356 1484 2397 est?

747 2432 781 2472 A
792 2432 806 2472 l
818 2445 839 2472 c
849 2447 876 2473 u
886 2446 927 2472 m
939 2446 960 2473 c
971 2447 998 2472 n
1010 2445 1035 2472 a

136 2486 253 2528 Uera
283 2487 391 2528 dico.

733 2559 1047 2613 Amphitruo

410 2632 504 2673 Non
538 2631 590 2672 de
621 2631 704 2672 hac
735 2632 909 2686 quidem
940 2630 1084 2672 hercle
1116 2645 1182 2681 re3
1216 2629 1267 2670 de
1299 2629 1395 2669 aliis
1428 2629 1585 2669 nescio,

748 2703 1035 2744 Alcumena

137 2774 329 2816 Primulo
362 2774 550 2818 diluculo
583 2774 732 2816 abiisti
763 2774 820 2816 ad
850 2775 1053 2828 legiones.

230 2930 296 2961 719
321 2927 396 2962 Uae
424 2929 556 2962 misero
583 2928 671 2961 mihi
766 2929 832 2961 725
857 2926 950 2970 Quid
977 2927 1013 2961 id
1040 2932 1095 2961 est
1188 2928 1255 2960 730
1281 2926 1389 2959 abisti
