1926 3275
279 295 329 330 50
962 291 1080 324 Plauti
1475 292 1519 329 Π,
1541 294 1572 332 2,
1593 292 1771 326 155—165

948 416 1098 457 Sosia

1058 487 1166 529 Uide
1200 488 1257 528 sis
1290 488 1398 541 signi
1431 489 1535 542 quid
1567 490 1662 541 siet,
1703 487 1771 529 ’780

276 568 338 608 Ne
371 564 585 619 posterius
617 563 660 603 in
691 576 756 602 me
791 560 961 612 culpam
994 559 1202 600 conferas.
1736 562 1739 564 '

865 642 1180 696 Amphitruo

1203 714 1334 767 Aperi
1367 715 1507 756 modo.

279 792 389 832 Nam
419 790 525 830 haec
557 789 729 841 quidem
760 801 838 827 nos
870 786 1095 826 delirantis
1126 785 1269 826 faeere
1302 786 1429 827 dictis
1461 786 1667 840 postulat.

880 872 1168 913 Alcumena

275 949 396 990 Unde
427 949 534 989 haec
565 947 695 1000 igitur
727 949 791 986 est
822 945 904 985 nisi
936 944 1014 985 abs
1048 948 1103 994 te,
1136 958 1247 997 quae
1280 944 1385 985 mihi
1417 944 1528 986 dono
1562 944 1742 985 datast?

866 1031 903 1071 A
911 1046 953 1071 m
964 1046 990 1083 p
1001 1030 1030 1070 h
1038 1031 1051 1070 i
1060 1034 1079 1071 t
1087 1045 1108 1070 r
1118 1045 1145 1071 u
1156 1045 1179 1071 ο

276 1105 392 1159 Opus
423 1105 569 1146 mihist
598 1105 709 1145 istuc
741 1103 968 1154 exquisito.

948 1188 974 1229 S
987 1203 1009 1229 O
1022 1189 1101 1229 sia

981 1260 1187 1313 Iuppiter,
1219 1273 1298 1313 pro
1330 1259 1542 1313 Iuppiter!

864 1347 901 1387 A
910 1361 952 1387 m
962 1361 988 1399 p
998 1346 1026 1387 h
1036 1347 1049 1387 i
1058 1350 1076 1387 t
1086 1361 1107 1386 r
1116 1361 1145 1387 u
1155 1360 1178 1387 o

275 1403 387 1453 Quid
417 1403 540 1444 tibist
549 1404 568 1443 i>

948 1474 974 1515 S
987 1489 1009 1515 ο
1021 1475 1097 1515 sia

573 1546 654 1586 Hic
686 1550 839 1599 patera
869 1546 989 1586 nulla
1020 1547 1064 1587 in
1097 1546 1306 1587 cistulast.

866 1632 903 1672 A
912 1646 953 1672 111
964 1647 990 1685 p
999 1631 1078 1672 hit
1086 1646 1108 1672 r
1116 1647 1145 1672 11
1156 1646 1178 1672 0

1248 1703 1359 1754 Quid
1391 1717 1469 1756 ego
1502 1704 1661 1746 audio?
1681 1736 1686 1739 .
1701 1709 1769 1742 785

945 1775 971 1816 S
983 1789 1005 1815 0
1018 1775 1097 1815 sia

273 1829 320 1869 Id
352 1830 465 1882 quod
496 1835 702 1871 uerumst.

863 1902 899 1943 A
908 1918 949 1943 111
958 1918 985 1956 p
996 1902 1023 1942 h
1033 1903 1047 1943 1
1056 1907 1074 1944 t
1082 1918 1103 1943 r
1112 1918 1140 1944 u
1152 1918 1175 1943 O

720 1974 775 2014 At
807 1988 904 2014 cum
936 1975 1132 2015 cruciatu
1162 1974 1261 2024 iam,
1293 1974 1376 2014 nisi
1407 1978 1599 2027 apparet,
1631 1978 1720 2016 tuo.

874 2060 1162 2102 Alcumena

269 2127 387 2168 Haec
419 2128 591 2181 quidem
624 2135 819 2182 apparet.

860 2202 1173 2256 Amphitruo

839 2274 943 2322 Quis
974 2275 1105 2325 igitur
1135 2273 1215 2314 tibi
1247 2273 1395 2314 dedit?

873 2360 1160 2400 Alcumena

1383 2415 1465 2465 Qui
1495 2429 1560 2456 me
1591 2419 1730 2468 rogat.

939 2486 1093 2527 Sosia

267 2551 334 2590 Me
367 2557 529 2604 captas,
563 2554 663 2604 quia
694 2558 786 2594 tute
819 2555 872 2595 ab
906 2557 1006 2596 naui
1040 2556 1287 2596 clanculum
1319 2557 1402 2597 huo
1434 2556 1520 2597 alia
1550 2557 1623 2597 uia

267 2622 606 2662 Praeeucurristi
639 2629 766 2676 atque
792 2625 890 2665 hinc
917 2630 1113 2678 pateram
1145 2631 1238 2667 tute
1272 2628 1466 2668 exemisti
1498 2632 1628 2681 atque
1661 2642 1758 2668 eam

266 2692 375 2732 Huic
407 2693 575 2743 dedisti,
610 2694 787 2746 posthae
819 2695 1259 2749 rursu1111'j0bsignasti
1295 2699 1551 2739 clanculum.
1691 2704 1759 2737 ’790

355 2846 421 2877 750
446 2844 555 2878 Vides
582 2845 610 2878 si
635 2846 730 2888 signi
827 2849 891 2880 786
917 2852 1043 2881 uerust
1092 2850 1141 2883 At
1166 2854 1245 2883 ‘cum
1270 2851 1510 2885 cruciatulam
