1926 3275
241 292 321 331 442

240 417 423 454 Relativa
463 415 539 452 duo
579 414 629 452 ad
661 413 765 452 idem
798 413 955 451 demon-

297 474 506 510 strativum
539 472 694 508 diversa
719 471 874 507 ratione
897 483 955 507 re-

296 529 378 566 lata
402 529 495 566 248.
542 527 768 565 Relativum
790 539 870 564 non
894 540 955 563 ac-

298 590 430 623 curate
450 584 499 621 ad
518 584 872 621 demonstrativum
895 596 955 620 ac-

298 641 585 678 commodatum
620 641 713 678 324.

240 695 421 736 relicuus
454 699 547 734 215.
587 698 680 734 372.

240 755 441 803 Repetitio
461 753 705 803 pronominis
732 753 825 789 284.
867 764 956 789 con-

298 811 463 847 dicionis
512 810 633 847 semel
677 810 818 859 positae
862 810 955 846 320.

298 868 392 905 429.

240 920 401 962 resoluo
436 924 527 961 390.

239 980 324 1017 rete
354 977 535 1018 iaculum
569 980 661 1017 360.

239 1047 315 1074 rea:
345 1038 439 1074 433.

241 1088 282 1131 S.
318 1094 397 1130 200
437 1107 494 1142 sq.
540 1094 630 1130 196.
692 1093 733 1129 in
773 1093 956 1142 genetivo

297 1150 433 1198 primae
467 1149 743 1186 declinationis
777 1150 869 1186 232.

239 1203 385 1244 saltem
418 1208 511 1243 277.

239 1259 353 1300 salue
385 1263 478 1300 406.

239 1329 338 1356 seme
371 1320 450 1356 278
484 1333 570 1356 eum
604 1318 806 1356 addendis.

238 1373 357 1423 sapio
391 1377 483 1412 327.

239 1429 351 1469 satin
383 1433 475 1469 295.

239 1486 405 1526 samium
437 1489 531 1526 423.

240 1542 387 1591 scelus,
421 1542 621 1583 scelestam
655 1546 748 1583 394.

239 1598 403 1639 schema
437 1603 530 1640 246.

240 1655 399 1696 scilicet
429 1659 524 1696 422.

238 1712 322 1752 scio
356 1716 434 1751 276
468 1728 525 1764 sq.

238 1768 314 1809 88ίῖ
343 1773 527 1808 omissum
562 1773 654 1810 270.

239 1825 389 1866 seduc-0
423 1829 515 1866 385.

239 1884 422 1922 Senarius
459 1886 555 1930 1802

240 1941 400 1978 senec-ta
434 1942 525 1979 330.

240 1996 497 2047 Septenarius
529 1997 718 2034 iambicus
753 1998 844 2044 184,
876 2001 955 2034 tro-

297 2053 455 2091 chaicus
490 2055 581 2092 183.

239 2120 359 2148 seruo
392 2111 487 2148 423.

241 2164 279 2204 Si
315 2180 387 2215 pro
427 2168 510 2203 siue
547 2168 640 2204 336.
702 2179 774 2216 pro
807 2167 957 2203 etiamsi

300 2224 391 2260 366.
438 2237 511 2272 pro
535 2237 628 2260 num
656 2224 749 2260 387.
796 2220 836 2261 Si
868 2220 956 2272 qui-

299 2277 389 2317 dem
422 2281 514 2317 381.

239 2333 299 2373 sice
330 2333 453 2374 (latur
486 2337 577 2373 391.

239 2389 392 2430 Similis
426 2394 518 2430 292.

240 2446 396 2496 simitu,
429 2450 584 2486 simitur
617 2450 710 2487 294.

239 2502 379 2553 Simul,
411 2506 599 2554 prosodia
630 2507 724 2543 204.

241 2559 336 2599 sine
367 2563 460 2599 432.

242 2614 441 2665 ,ςᾱνωῃρεε
474 2619 567 2656 242.

242 2671 296 2710 sit
327 2688 398 2723 pro
431 2674 493 2711 est
523 2675 713 2724 scriptum
747 2676 847 2722 388,
884 2687 957 2724 pro

297 2728 347 2778 fit
378 2732 470 2767 288.
505 2732 598 2768 356.

241 2786 400 2824 Solutus
418 2788 704 2824 sententiarum
722 2801 844 2824 noxus
863 2789 954 2825 323.

242 2842 402 2880 Sotadei
436 2844 529 2880 249.

929 285 1057 320 Index.

1028 411 1175 451 statim
1207 415 1301 451 259.

1026 466 1257 517 sublimem,
1289 467 1494 509 sublimen
1526 472 1620 508 428.

1027 526 1255 564 Subiectum
1273 528 1484 565 accusativi
1500 541 1531 566 c.
1544 527 1612 564 inf.
1626 528 1743 564 omis-

1084 597 1169 620 sum
1203 584 1297 621 236.

1028 639 1285 677 Substantiva
1320 640 1498 677 verbalia
1532 639 1744 677 verborum

1085 696 1202 733 modo
1243 699 1468 733 constructa
1506 697 1598 733 251.
1649 698 1742 734 283.

1027 805 1206 859 suyffl'llo
1239 810 1333 847 254.

1027 875 1215 903 summus
1247 863 1338 903 dies
1369 866 1465 903 401.

1027 919 1347 971 superstitiosus
1379 923 1473 960 268.

1026 989 1174 1016 susum
1206 978 1299 1016 327.

1028 1045 1134 1073 suus
1163 1031 1244 1072 sibi
1275 1036 1370 1073 261.

1029 1092 1206 1140 Syncope
1248 1093 1325 1129 209
1367 1105 1444 1141 sq.‚
1485 1105 1563 1129 non
1604 1092 1744 1129 admit·

1084 1148 1205 1185 tenda
1240 1149 1330 1186 199.
1364 1149 1458 1186 207.

1027 1201 1293 1254 ,ςψιφϊῳῖηιε
1327 1205 1419 1242 373.

1028 1261 1208 1309 systema
1242 1262 1334 1298 185.

1029 1315 1069 1355 Τ
1094 1317 1209 1354 finale
1245 1319 1335 1354 196.
1370 1318 1464 1355 205.

1030 1375 1187 1421 tamem,
1219 1374 1407 1423 prosodia
1439 1375 1532 1411 202.
1590 1375 1745 1423 positus

1087 1432 1181 1469 256.
1234 1432 1376 1467 omisso
1408 1433 1588 1480 quamvis
1621 1432 1714 1469 285.

1030 1485 1196 1525 tandem
1229 1488 1322 1525 367.

1030 1544 1142 1582 tanto
1176 1545 1269 1581 322.
1333 1543 1474 1581 tantus
1508 1545 1601 1581 336.

1029 1597 1213 1638 Teleboae
1245 1602 1338 1638 232.

1027 1658 1265 1706 Temporum
1286 1659 1508 1694 consecutio
1524 1670 1666 1706 parum
1684 1670 1743 1694 ac-

1085 1718 1222 1752 curata
1254 1715 1347 1751 255.
1382 1714 1474 1751 304.
1510 1715 1602 1751 307.

1027 1771 1265 1808 Tetrametri
1289 1770 1497 1808 acataleoti
1521 1770 1681 1807 iambici
1706 1773 1745 1807 et

1083 1827 1278 1865 trochaici
1320 1828 1411 1865 185.
1474 1827 1588 1865 catal.
1625 1826 1742 1864 iamb.

1089 1885 1180 1922 184.
1229 1884 1344 1921 catal.
1362 1883 1486 1922 troch.
1513 1884 1604 1921 183.
1653 1896 1744 1920 ana-

1083 1941 1236 1991 paestici
1257 1941 1348 1978 188.
1389 1940 1590 1977 bacchiaci
1609 1947 1646 1977 et
1663 1953 1744 1977 cre-

1084 1998 1155 2034 tici
1190 1998 1280 2034 189.

1028 2053 1166 2091 Thesis
1202 2055 1279 2090 176
1313 2066 1370 2102 sq.

1028 2110 1193 2147 Tibicen
1227 2111 1304 2146 168
1337 2123 1394 2159 sq.
1428 2111 1523 2147 424.

1028 2163 1190 2204 tolutim
1221 2167 1316 2203 415.

1028 2224 1328 2260 Tor-mentorum
1360 2235 1503 2272 genera
1535 2223 1628 2260 403.

1029 2277 1191 2318 tractim
1225 2280 1318 2318 266.

1030 2333 1403 2386 ΐναῃίσοοονιοεᾱία
1436 2337 1529 2373 239.

1028 2390 1193 2430 tresviri
1226 2394 1318 2430 248.

1028 2449 1072 2487 tu
1102 2447 1195 2486 istic
1227 2450 1321 2486 273.

1031 2504 1182 2544 tunicae
1213 2507 1306 2542 273.

1038 2558 1080 2601 U
1107 2564 1200 2600 213.
1234 2563 1327 2599 215.

1038 2614 1118 2658 Ubi
1149 2619 1242 2655 263.

1028 2672 1183 2724 uccpulo
1217 2676 1309 2712 395.

1028 2732 1284 2769 Varronianae
1316 2730 1459 2767 fabulae
1494 2730 1585 2767 148.

1028 2798 1078 2826 ue
1108 2801 1182 2838 pro
1215 2791 1283 2824 aut
1315 2787 1410 2825 400.

1027 2841 1215 2882 vel-320.
