<?xml version="1.0" encoding="UTF-8"?>
<!DOCTYPE html PUBLIC "-//W3C//DTD XHTML 1.0 Transitional//EN"
    "http://www.w3.org/TR/xhtml1/DTD/xhtml1-transitional.dtd">
<html xmlns="http://www.w3.org/1999/xhtml" xml:lang="en" lang="en">
 <head>
  <title>
</title>
<meta http-equiv="Content-Type" content="text/html;charset=utf-8" />
  <meta name='ocr-system' content='tesseract 3.04.00' />
  <meta name='ocr-capabilities' content='ocr_page ocr_carea ocr_par ocr_line ocrx_word'/>
</head>
<body>
  <div class='ocr_page' id='page_1' title='image "./comoediaerecensv01plauuoft_0452.png"; bbox 0 0 1926 3275; ppageno 0'>
   <div class='ocr_carea' id='block_1_1' title="bbox 237 267 1075 314">
    <p class='ocr_par' dir='ltr' id='par_1_1' title="bbox 237 267 1075 314">
     <span class='ocr_line' id='line_1_1' title="bbox 237 267 1075 314; baseline 0 -12"><span class='ocrx_word' id='word_1_1' title='bbox 237 275 288 314; x_wconf 74' lang='lat'>42</span> <span class='ocrx_word' id='word_1_2' title='bbox 295 275 318 314; x_wconf 72' lang='grc'>8</span> <span class='ocrx_word' id='word_1_3' title='bbox 894 267 1075 302; x_wconf 82' lang='lat' dir='ltr'><strong>Asinaria.</strong></span> 
     </span>
    </p>
   </div>
   <div class='ocr_carea' id='block_1_2' title="bbox 236 391 1747 2838">
    <p class='ocr_par' dir='ltr' id='par_1_2' title="bbox 236 391 1747 2838">
     <span class='ocr_line' id='line_1_2' title="bbox 236 391 1732 450; baseline -0.003 -12"><span class='ocrx_word' id='word_1_4' title='bbox 236 401 387 450; x_wconf 88' lang='lat' dir='ltr'>recepit</span> <span class='ocrx_word' id='word_1_5' title='bbox 411 413 459 437; x_wconf 85' lang='lat' dir='ltr'>ex</span> <span class='ocrx_word' id='word_1_6' title='bbox 478 399 562 437; x_wconf 87' lang='lat' dir='ltr'>cod.</span> <span class='ocrx_word' id='word_1_7' title='bbox 581 398 905 447; x_wconf 83' lang='lat' dir='ltr'>Guelferbytano.</span> <span class='ocrx_word' id='word_1_8' title='bbox 926 416 975 422; x_wconf 90' lang='lat'>—</span> <span class='ocrx_word' id='word_1_9' title='bbox 997 398 1090 435; x_wconf 84' lang='lat'>857.</span> <span class='ocrx_word' id='word_1_10' title='bbox 1115 391 1325 435; x_wconf 69' lang='lat' dir='ltr'>Chremem</span> <span class='ocrx_word' id='word_1_11' title='bbox 1341 410 1414 446; x_wconf 89' lang='lat' dir='ltr'>pro</span> <span class='ocrx_word' id='word_1_12' title='bbox 1437 395 1732 444; x_wconf 89' lang='lat' dir='ltr'>„Chremetem“</span> 
     </span>
     <span class='ocr_line' id='line_1_3' title="bbox 239 461 1734 514; baseline -0.003 -8"><span class='ocrx_word' id='word_1_13' title='bbox 239 471 355 506; x_wconf 90' lang='lat' dir='ltr'>etiam</span> <span class='ocrx_word' id='word_1_14' title='bbox 386 467 583 505; x_wconf 89' lang='lat' dir='ltr'>interdum</span> <span class='ocrx_word' id='word_1_15' title='bbox 615 466 835 504; x_wconf 80' lang='lat' dir='ltr'>Terentius.</span> <span class='ocrx_word' id='word_1_16' title='bbox 870 485 919 490; x_wconf 83' lang='lat'>—-</span> <span class='ocrx_word' id='word_1_17' title='bbox 955 466 1048 503; x_wconf 88' lang='lat'>858.</span> <span class='ocrx_word' id='word_1_18' title='bbox 1087 461 1293 512; x_wconf 61' lang='lat' dir='ltr'>„Lustroe‘</span> <span class='ocrx_word' id='word_1_19' title='bbox 1329 466 1386 502; x_wconf 85' lang='lat' dir='ltr'>ait</span> <span class='ocrx_word' id='word_1_20' title='bbox 1408 465 1560 503; x_wconf 88' lang='lat' dir='ltr'>Nonius</span> <span class='ocrx_word' id='word_1_21' title='bbox 1590 478 1628 514; x_wconf 87' lang='lat' dir='ltr'>p.</span> <span class='ocrx_word' id='word_1_22' title='bbox 1657 466 1734 503; x_wconf 85' lang='lat'>333</span> 
     </span>
     <span class='ocr_line' id='line_1_4' title="bbox 245 532 1737 586; baseline -0.002 -12"><span class='ocrx_word' id='word_1_23' title='bbox 245 537 478 586; x_wconf 87' lang='lat' dir='ltr'>„lupanaria</span> <span class='ocrx_word' id='word_1_24' title='bbox 517 532 748 581; x_wconf 80' lang='lat' dir='ltr'>dicuntur“;</span> <span class='ocrx_word' id='word_1_25' title='bbox 789 533 906 571; x_wconf 87' lang='lat' dir='ltr'>affert</span> <span class='ocrx_word' id='word_1_26' title='bbox 946 547 994 570; x_wconf 87' lang='lat' dir='ltr'>ex</span> <span class='ocrx_word' id='word_1_27' title='bbox 1023 533 1165 571; x_wconf 90' lang='lat' dir='ltr'>Plauto</span> <span class='ocrx_word' id='word_1_28' title='bbox 1197 533 1235 570; x_wconf 92' lang='lat' dir='ltr'>h.</span> <span class='ocrx_word' id='word_1_29' title='bbox 1267 546 1303 570; x_wconf 88' lang='lat' dir='ltr'>v.</span> <span class='ocrx_word' id='word_1_30' title='bbox 1337 537 1376 571; x_wconf 88' lang='lat' dir='ltr'>et</span> <span class='ocrx_word' id='word_1_31' title='bbox 1406 533 1532 571; x_wconf 89' lang='lat' dir='ltr'>Casin.</span> <span class='ocrx_word' id='word_1_32' title='bbox 1567 534 1646 571; x_wconf 88' lang='grc'>222</span> <span class='ocrx_word' id='word_1_33' title='bbox 1679 547 1737 583; x_wconf 85' lang='lat' dir='ltr'>sq.</span> 
     </span>
     <span class='ocr_line' id='line_1_5' title="bbox 243 599 1739 652; baseline -0.003 -10"><span class='ocrx_word' id='word_1_34' title='bbox 243 605 413 652; x_wconf 88' lang='lat' dir='ltr'>„Libera</span> <span class='ocrx_word' id='word_1_35' title='bbox 465 601 613 641; x_wconf 78' lang='lat' dir='ltr'>lustra“</span> <span class='ocrx_word' id='word_1_36' title='bbox 671 604 874 640; x_wconf 86' lang='lat' dir='ltr'>enarrant:</span> <span class='ocrx_word' id='word_1_37' title='bbox 936 601 1026 649; x_wconf 85' lang='lat' dir='ltr'>„ubi</span> <span class='ocrx_word' id='word_1_38' title='bbox 1076 601 1200 638; x_wconf 86' lang='lat' dir='ltr'>libere</span> <span class='ocrx_word' id='word_1_39' title='bbox 1254 603 1419 639; x_wconf 86' lang='lat' dir='ltr'>scortari</span> <span class='ocrx_word' id='word_1_40' title='bbox 1464 599 1597 639; x_wconf 81' lang='lat' dir='ltr'>licet“.</span> <span class='ocrx_word' id='word_1_41' title='bbox 1675 601 1739 639; x_wconf 85' lang='lat' dir='ltr'>Sic</span> 
     </span>
     <span class='ocr_line' id='line_1_6' title="bbox 239 669 1737 720; baseline -0.003 -9"><span class='ocrx_word' id='word_1_42' title='bbox 239 677 369 711; x_wconf 85' lang='lat' dir='ltr'>autem</span> <span class='ocrx_word' id='word_1_43' title='bbox 399 675 507 709; x_wconf 85' lang='lat' dir='ltr'>totus</span> <span class='ocrx_word' id='word_1_44' title='bbox 537 684 674 708; x_wconf 86' lang='lat' dir='ltr'>versus</span> <span class='ocrx_word' id='word_1_45' title='bbox 694 670 873 708; x_wconf 81' lang='lat' dir='ltr'>Ciceroni</span> <span class='ocrx_word' id='word_1_46' title='bbox 907 673 975 707; x_wconf 89' lang='lat' dir='ltr'>aut</span> <span class='ocrx_word' id='word_1_47' title='bbox 1000 669 1155 708; x_wconf 78' lang='lat' dir='ltr'>Senecae</span> <span class='ocrx_word' id='word_1_48' title='bbox 1187 670 1354 707; x_wconf 84' lang='lat' dir='ltr'>similior</span> <span class='ocrx_word' id='word_1_49' title='bbox 1376 670 1422 707; x_wconf 89' lang='lat' dir='ltr'>fit</span> <span class='ocrx_word' id='word_1_50' title='bbox 1446 683 1562 720; x_wconf 89' lang='lat' dir='ltr'>quam</span> <span class='ocrx_word' id='word_1_51' title='bbox 1580 669 1737 708; x_wconf 83' lang='lat' dir='ltr'>Plauto.</span> 
     </span>
     <span class='ocr_line' id='line_1_7' title="bbox 238 737 1740 789; baseline -0.003 -10"><span class='ocrx_word' id='word_1_52' title='bbox 238 742 358 779; x_wconf 88' lang='lat' dir='ltr'>Recte</span> <span class='ocrx_word' id='word_1_53' title='bbox 389 741 573 778; x_wconf 82' lang='lat' dir='ltr'>Heinsius</span> <span class='ocrx_word' id='word_1_54' title='bbox 603 752 676 789; x_wconf 89' lang='lat' dir='ltr'>pro</span> <span class='ocrx_word' id='word_1_55' title='bbox 709 738 747 777; x_wconf 71' lang='lat' dir='ltr'>et</span> <span class='ocrx_word' id='word_1_56' title='bbox 776 739 935 789; x_wconf 76' lang='lat' dir='ltr'>scripsit</span> <span class='ocrx_word' id='word_1_57' title='bbox 967 737 1047 786; x_wconf 70' lang='lat' dir='ltr'>est,</span> <span class='ocrx_word' id='word_1_58' title='bbox 1087 738 1189 776; x_wconf 89' lang='lat' dir='ltr'>illud</span> <span class='ocrx_word' id='word_1_59' title='bbox 1231 739 1410 788; x_wconf 87' lang='lat' dir='ltr'>queritur</span> <span class='ocrx_word' id='word_1_60' title='bbox 1447 741 1592 785; x_wconf 90' lang='lat' dir='ltr'>mater,</span> <span class='ocrx_word' id='word_1_61' title='bbox 1633 738 1740 787; x_wconf 88' lang='lat' dir='ltr'>quod</span> 
     </span>
     <span class='ocr_line' id='line_1_8' title="bbox 237 806 1740 860; baseline -0.003 -13"><span class='ocrx_word' id='word_1_62' title='bbox 237 812 299 847; x_wconf 90' lang='lat' dir='ltr'>vir</span> <span class='ocrx_word' id='word_1_63' title='bbox 328 810 414 860; x_wconf 86' lang='lat' dir='ltr'>ipse</span> <span class='ocrx_word' id='word_1_64' title='bbox 444 807 605 858; x_wconf 84' lang='lat' dir='ltr'>flagitiis</span> <span class='ocrx_word' id='word_1_65' title='bbox 637 806 793 844; x_wconf 87' lang='lat' dir='ltr'>deditus</span> <span class='ocrx_word' id='word_1_66' title='bbox 818 809 936 844; x_wconf 87' lang='lat' dir='ltr'>etiam</span> <span class='ocrx_word' id='word_1_67' title='bbox 961 806 1096 843; x_wconf 86' lang='lat' dir='ltr'>liberis</span> <span class='ocrx_word' id='word_1_68' title='bbox 1124 807 1360 857; x_wconf 68' lang='lat' dir='ltr'>corruptelae</span> <span class='ocrx_word' id='word_1_69' title='bbox 1384 807 1446 853; x_wconf 88' lang='lat' dir='ltr'>sit,</span> <span class='ocrx_word' id='word_1_70' title='bbox 1478 807 1503 843; x_wconf 87' lang='lat' dir='ltr'>i.</span> <span class='ocrx_word' id='word_1_71' title='bbox 1533 820 1564 843; x_wconf 93' lang='lat' dir='ltr'>e.</span> <span class='ocrx_word' id='word_1_72' title='bbox 1592 806 1740 843; x_wconf 87' lang='lat' dir='ltr'>liberos</span> 
     </span>
     <span class='ocr_line' id='line_1_9' title="bbox 240 871 1740 927; baseline -0.003 -12"><span class='ocrx_word' id='word_1_73' title='bbox 240 880 477 927; x_wconf 83' lang='lat' dir='ltr'>corrumpat,</span> <span class='ocrx_word' id='word_1_74' title='bbox 501 880 546 913; x_wconf 89' lang='lat' dir='ltr'>ut</span> <span class='ocrx_word' id='word_1_75' title='bbox 569 890 604 913; x_wconf 89' lang='lat' dir='ltr'>v.</span> <span class='ocrx_word' id='word_1_76' title='bbox 633 876 711 913; x_wconf 88' lang='lat'>866</span> <span class='ocrx_word' id='word_1_77' title='bbox 739 879 778 913; x_wconf 90' lang='lat' dir='ltr'>et</span> <span class='ocrx_word' id='word_1_78' title='bbox 803 876 897 913; x_wconf 86' lang='grc'>923.</span> <span class='ocrx_word' id='word_1_79' title='bbox 922 895 977 900; x_wconf 87' lang='lat'>—</span> <span class='ocrx_word' id='word_1_80' title='bbox 1010 876 1103 912; x_wconf 82' lang='lat'>859.</span> <span class='ocrx_word' id='word_1_81' title='bbox 1137 871 1352 913; x_wconf 70' lang='lat' dir='ltr'>sublimem</span> <span class='ocrx_word' id='word_1_82' title='bbox 1381 888 1521 924; x_wconf 85' lang='lat' dir='ltr'>rapere</span> <span class='ocrx_word' id='word_1_83' title='bbox 1544 877 1613 912; x_wconf 87' lang='lat' dir='ltr'>aut</span> <span class='ocrx_word' id='word_1_84' title='bbox 1636 875 1740 912; x_wconf 85' lang='lat' dir='ltr'>ferre</span> 
     </span>
     <span class='ocr_line' id='line_1_10' title="bbox 239 941 1739 996; baseline -0.003 -13"><span class='ocrx_word' id='word_1_85' title='bbox 239 947 356 996; x_wconf 83' lang='lat' dir='ltr'>vulgo</span> <span class='ocrx_word' id='word_1_86' title='bbox 381 945 576 991; x_wconf 77' lang='lat' dir='ltr'>dicebant,</span> <span class='ocrx_word' id='word_1_87' title='bbox 601 958 636 981; x_wconf 91' lang='lat' dir='ltr'>v.</span> <span class='ocrx_word' id='word_1_88' title='bbox 655 944 741 981; x_wconf 81' lang='lat' dir='ltr'>Mil.</span> <span class='ocrx_word' id='word_1_89' title='bbox 763 945 882 982; x_wconf 83' lang='grc'>1385.</span> <span class='ocrx_word' id='word_1_90' title='bbox 910 943 1016 980; x_wconf 88' lang='lat' dir='ltr'>Men.</span> <span class='ocrx_word' id='word_1_91' title='bbox 1039 944 1131 980; x_wconf 89' lang='grc'>971.</span> <span class='ocrx_word' id='word_1_92' title='bbox 1168 944 1261 980; x_wconf 79' lang='grc'>974.</span> <span class='ocrx_word' id='word_1_93' title='bbox 1297 944 1390 980; x_wconf 88' lang='grc'>981.</span> <span class='ocrx_word' id='word_1_94' title='bbox 1428 943 1547 981; x_wconf 89' lang='grc'>1030.</span> <span class='ocrx_word' id='word_1_95' title='bbox 1581 941 1739 980; x_wconf 77' lang='lat' dir='ltr'>Terent.</span> 
     </span>
     <span class='ocr_line' id='line_1_11' title="bbox 239 1010 1740 1061; baseline -0.002 -10"><span class='ocrx_word' id='word_1_96' title='bbox 239 1015 362 1052; x_wconf 85' lang='lat' dir='ltr'>Andr.</span> <span class='ocrx_word' id='word_1_97' title='bbox 392 1014 484 1050; x_wconf 92' lang='lat'>861.</span> <span class='ocrx_word' id='word_1_98' title='bbox 517 1012 591 1049; x_wconf 90' lang='lat' dir='ltr'>Ad.</span> <span class='ocrx_word' id='word_1_99' title='bbox 621 1013 713 1050; x_wconf 87' lang='grc'>316.</span> <span class='ocrx_word' id='word_1_100' title='bbox 755 1012 839 1049; x_wconf 93' lang='lat' dir='ltr'>Liv.</span> <span class='ocrx_word' id='word_1_101' title='bbox 872 1011 903 1059; x_wconf 95' lang='lat' dir='ltr'>I,</span> <span class='ocrx_word' id='word_1_102' title='bbox 941 1012 1003 1059; x_wconf 87' lang='lat'>16,</span> <span class='ocrx_word' id='word_1_103' title='bbox 1038 1013 1074 1049; x_wconf 89' lang='grc'>2.</span> <span class='ocrx_word' id='word_1_104' title='bbox 1113 1011 1229 1061; x_wconf 83' lang='lat' dir='ltr'>Verg.</span> <span class='ocrx_word' id='word_1_105' title='bbox 1255 1011 1347 1048; x_wconf 87' lang='lat' dir='ltr'>AEn.</span> <span class='ocrx_word' id='word_1_106' title='bbox 1373 1010 1404 1058; x_wconf 92' lang='lat' dir='ltr'>I,</span> <span class='ocrx_word' id='word_1_107' title='bbox 1432 1011 1525 1048; x_wconf 84' lang='grc'>259.</span> <span class='ocrx_word' id='word_1_108' title='bbox 1566 1010 1611 1058; x_wconf 92' lang='lat' dir='ltr'>V,</span> <span class='ocrx_word' id='word_1_109' title='bbox 1646 1012 1740 1049; x_wconf 78' lang='lat'>255.</span> 
     </span>
     <span class='ocr_line' id='line_1_12' title="bbox 240 1077 1740 1129; baseline -0.002 -10"><span class='ocrx_word' id='word_1_110' title='bbox 240 1082 294 1129; x_wconf 88' lang='grc' dir='ltr'>Χ,</span> <span class='ocrx_word' id='word_1_111' title='bbox 333 1082 422 1119; x_wconf 76' lang='grc'>144.</span> <span class='ocrx_word' id='word_1_112' title='bbox 458 1081 507 1118; x_wconf 85' lang='lat' dir='ltr'>al.</span> <span class='ocrx_word' id='word_1_113' title='bbox 576 1081 775 1118; x_wconf 85' lang='lat' dir='ltr'>Enarrant</span> <span class='ocrx_word' id='word_1_114' title='bbox 820 1079 902 1117; x_wconf 87' lang='lat' dir='ltr'>fere</span> <span class='ocrx_word' id='word_1_115' title='bbox 952 1077 1226 1127; x_wconf 82' lang='lat' dir='ltr'>„sublatum“;</span> <span class='ocrx_word' id='word_1_116' title='bbox 1274 1079 1342 1116; x_wconf 88' lang='lat' dir='ltr'>sed</span> <span class='ocrx_word' id='word_1_117' title='bbox 1388 1079 1493 1129; x_wconf 88' lang='lat' dir='ltr'>quod</span> <span class='ocrx_word' id='word_1_118' title='bbox 1530 1079 1740 1129; x_wconf 82' lang='lat' dir='ltr'>Augusteae</span> 
     </span>
     <span class='ocr_line' id='line_1_13' title="bbox 241 1147 1742 1200; baseline -0.002 -13"><span class='ocrx_word' id='word_1_119' title='bbox 241 1151 367 1187; x_wconf 80' lang='lat' dir='ltr'>aetatis</span> <span class='ocrx_word' id='word_1_120' title='bbox 398 1152 526 1200; x_wconf 86' lang='lat' dir='ltr'>poetae</span> <span class='ocrx_word' id='word_1_121' title='bbox 560 1149 760 1195; x_wconf 86' lang='lat' dir='ltr'>convenit,</span> <span class='ocrx_word' id='word_1_122' title='bbox 801 1151 846 1185; x_wconf 87' lang='lat' dir='ltr'>ut</span> <span class='ocrx_word' id='word_1_123' title='bbox 876 1148 1114 1185; x_wconf 85' lang='lat' dir='ltr'>adiectivum</span> <span class='ocrx_word' id='word_1_124' title='bbox 1145 1161 1216 1198; x_wconf 88' lang='lat' dir='ltr'>per</span> <span class='ocrx_word' id='word_1_125' title='bbox 1247 1148 1450 1198; x_wconf 81' lang='lat' dir='ltr'>prolepsin</span> <span class='ocrx_word' id='word_1_126' title='bbox 1482 1161 1567 1185; x_wconf 86' lang='lat' dir='ltr'>cum</span> <span class='ocrx_word' id='word_1_127' title='bbox 1598 1147 1742 1198; x_wconf 87' lang='lat' dir='ltr'>praedi-</span> 
     </span>
     <span class='ocr_line' id='line_1_14' title="bbox 242 1216 1743 1268; baseline -0.001 -13"><span class='ocrx_word' id='word_1_128' title='bbox 242 1221 328 1256; x_wconf 86' lang='lat' dir='ltr'>cato</span> <span class='ocrx_word' id='word_1_129' title='bbox 367 1219 572 1268; x_wconf 84' lang='lat' dir='ltr'>iungatur,</span> <span class='ocrx_word' id='word_1_130' title='bbox 612 1231 634 1254; x_wconf 92' lang='lat' dir='ltr'>a</span> <span class='ocrx_word' id='word_1_131' title='bbox 671 1217 827 1266; x_wconf 83' lang='lat' dir='ltr'>vulgari</span> <span class='ocrx_word' id='word_1_132' title='bbox 865 1216 1069 1253; x_wconf 90' lang='lat' dir='ltr'>hominum</span> <span class='ocrx_word' id='word_1_133' title='bbox 1108 1229 1287 1255; x_wconf 84' lang='lat' dir='ltr'>sermone</span> <span class='ocrx_word' id='word_1_134' title='bbox 1327 1216 1534 1263; x_wconf 85' lang='lat' dir='ltr'>abhorret,</span> <span class='ocrx_word' id='word_1_135' title='bbox 1575 1229 1661 1265; x_wconf 76' lang='lat' dir='ltr'>quae</span> <span class='ocrx_word' id='word_1_136' title='bbox 1701 1218 1743 1253; x_wconf 90' lang='lat' dir='ltr'>in</span> 
     </span>
     <span class='ocr_line' id='line_1_15' title="bbox 243 1284 1741 1335; baseline -0.001 -12"><span class='ocrx_word' id='word_1_137' title='bbox 243 1286 432 1324; x_wconf 89' lang='lat' dir='ltr'>eiusmodi</span> <span class='ocrx_word' id='word_1_138' title='bbox 470 1299 512 1322; x_wconf 90' lang='lat' dir='ltr'>re</span> <span class='ocrx_word' id='word_1_139' title='bbox 549 1286 681 1335; x_wconf 83' lang='lat' dir='ltr'>potius</span> <span class='ocrx_word' id='word_1_140' title='bbox 714 1284 943 1322; x_wconf 84' lang='lat' dir='ltr'>adverbium</span> <span class='ocrx_word' id='word_1_141' title='bbox 974 1285 1168 1322; x_wconf 87' lang='lat' dir='ltr'>rationem</span> <span class='ocrx_word' id='word_1_142' title='bbox 1200 1284 1379 1322; x_wconf 86' lang='lat' dir='ltr'>indicans</span> <span class='ocrx_word' id='word_1_143' title='bbox 1410 1284 1601 1335; x_wconf 84' lang='lat' dir='ltr'>postulat.</span> <span class='ocrx_word' id='word_1_144' title='bbox 1662 1285 1741 1322; x_wconf 85' lang='lat' dir='ltr'>Ad-</span> 
     </span>
     <span class='ocr_line' id='line_1_16' title="bbox 241 1352 1744 1403; baseline -0.001 -12"><span class='ocrx_word' id='word_1_145' title='bbox 241 1355 419 1392; x_wconf 85' lang='lat' dir='ltr'>verbium</span> <span class='ocrx_word' id='word_1_146' title='bbox 452 1367 535 1391; x_wconf 87' lang='lat' dir='ltr'>esse</span> <span class='ocrx_word' id='word_1_147' title='bbox 567 1354 747 1403; x_wconf 88' lang='lat' dir='ltr'>sequitur</span> <span class='ocrx_word' id='word_1_148' title='bbox 779 1354 898 1390; x_wconf 83' lang='lat' dir='ltr'>etiam</span> <span class='ocrx_word' id='word_1_149' title='bbox 942 1366 988 1390; x_wconf 90' lang='lat' dir='ltr'>ex</span> <span class='ocrx_word' id='word_1_150' title='bbox 1018 1353 1124 1390; x_wconf 89' lang='lat' dir='ltr'>Men.</span> <span class='ocrx_word' id='word_1_151' title='bbox 1160 1354 1260 1390; x_wconf 78' lang='lat'>971:</span> <span class='ocrx_word' id='word_1_152' title='bbox 1312 1352 1472 1400; x_wconf 86' lang='lat' dir='ltr'>„Facite</span> <span class='ocrx_word' id='word_1_153' title='bbox 1511 1353 1590 1390; x_wconf 86' lang='lat' dir='ltr'>illic</span> <span class='ocrx_word' id='word_1_154' title='bbox 1626 1353 1744 1391; x_wconf 90' lang='lat' dir='ltr'>homo</span> 
     </span>
     <span class='ocr_line' id='line_1_17' title="bbox 241 1418 1743 1468; baseline -0.001 -9"><span class='ocrx_word' id='word_1_155' title='bbox 241 1424 318 1460; x_wconf 87' lang='lat' dir='ltr'>iam</span> <span class='ocrx_word' id='word_1_156' title='bbox 358 1424 397 1459; x_wconf 89' lang='lat' dir='ltr'>in</span> <span class='ocrx_word' id='word_1_157' title='bbox 437 1422 671 1459; x_wconf 86' lang='lat' dir='ltr'>medicinam</span> <span class='ocrx_word' id='word_1_158' title='bbox 703 1422 856 1459; x_wconf 88' lang='lat' dir='ltr'>ablatus</span> <span class='ocrx_word' id='word_1_159' title='bbox 898 1421 1106 1459; x_wconf 86' lang='lat' dir='ltr'>sublimem</span> <span class='ocrx_word' id='word_1_160' title='bbox 1145 1418 1265 1467; x_wconf 78' lang='lat' dir='ltr'>siet“;</span> <span class='ocrx_word' id='word_1_161' title='bbox 1307 1421 1394 1468; x_wconf 86' lang='lat' dir='ltr'>ubi,</span> <span class='ocrx_word' id='word_1_162' title='bbox 1435 1423 1468 1458; x_wconf 89' lang='lat' dir='ltr'>si</span> <span class='ocrx_word' id='word_1_163' title='bbox 1507 1421 1743 1459; x_wconf 88' lang='lat' dir='ltr'>adiectivum</span> 
     </span>
     <span class='ocr_line' id='line_1_18' title="bbox 243 1488 1743 1541; baseline -0.001 -13"><span class='ocrx_word' id='word_1_164' title='bbox 243 1495 355 1538; x_wconf 85' lang='lat' dir='ltr'>esset,</span> <span class='ocrx_word' id='word_1_165' title='bbox 389 1489 611 1538; x_wconf 76' lang='lat' dir='ltr'>„sublimis“</span> <span class='ocrx_word' id='word_1_166' title='bbox 640 1493 870 1541; x_wconf 82' lang='lat' dir='ltr'>poneretur.</span> <span class='ocrx_word' id='word_1_167' title='bbox 920 1489 1022 1536; x_wconf 75' lang='lat' dir='ltr'>Quid</span> <span class='ocrx_word' id='word_1_168' title='bbox 1048 1489 1154 1539; x_wconf 90' lang='lat' dir='ltr'>quod</span> <span class='ocrx_word' id='word_1_169' title='bbox 1179 1488 1363 1526; x_wconf 89' lang='lat' dir='ltr'>dubitare</span> <span class='ocrx_word' id='word_1_170' title='bbox 1388 1490 1491 1537; x_wconf 88' lang='lat' dir='ltr'>licet,</span> <span class='ocrx_word' id='word_1_171' title='bbox 1517 1503 1566 1527; x_wconf 90' lang='lat' dir='ltr'>an</span> <span class='ocrx_word' id='word_1_172' title='bbox 1597 1489 1743 1537; x_wconf 88' lang='lat' dir='ltr'>„subli-</span> 
     </span>
     <span class='ocr_line' id='line_1_19' title="bbox 243 1556 1743 1597; baseline -0.001 0"><span class='ocrx_word' id='word_1_173' title='bbox 243 1558 367 1597; x_wconf 65' lang='grc' dir='ltr'>111ε3111ιζ</span> <span class='ocrx_word' id='word_1_174' title='bbox 411 1572 504 1596; x_wconf 87' lang='lat' dir='ltr'>vera</span> <span class='ocrx_word' id='word_1_175' title='bbox 540 1559 655 1596; x_wconf 83' lang='lat' dir='ltr'>liuius</span> <span class='ocrx_word' id='word_1_176' title='bbox 695 1572 778 1596; x_wconf 87' lang='lat' dir='ltr'>voc.</span> <span class='ocrx_word' id='word_1_177' title='bbox 821 1559 950 1596; x_wconf 88' lang='lat' dir='ltr'>forma</span> <span class='ocrx_word' id='word_1_178' title='bbox 981 1556 1061 1595; x_wconf 86' lang='lat' dir='ltr'>sit‘?</span> <span class='ocrx_word' id='word_1_179' title='bbox 1093 1571 1182 1594; x_wconf 89' lang='lat' dir='ltr'>nam</span> <span class='ocrx_word' id='word_1_180' title='bbox 1214 1559 1253 1594; x_wconf 91' lang='lat' dir='ltr'>in</span> <span class='ocrx_word' id='word_1_181' title='bbox 1283 1558 1617 1596; x_wconf 77' lang='lat' dir='ltr'>Menaechmorum</span> <span class='ocrx_word' id='word_1_182' title='bbox 1647 1559 1743 1596; x_wconf 88' lang='lat' dir='ltr'>locis</span> 
     </span>
     <span class='ocr_line' id='line_1_20' title="bbox 244 1623 1743 1678; baseline -0.001 -13"><span class='ocrx_word' id='word_1_183' title='bbox 244 1631 430 1678; x_wconf 88' lang='lat' dir='ltr'>quattuor</span> <span class='ocrx_word' id='word_1_184' title='bbox 455 1627 538 1664; x_wconf 88' lang='lat' dir='ltr'>cod.</span> <span class='ocrx_word' id='word_1_185' title='bbox 565 1627 596 1664; x_wconf 84' lang='lat' dir='ltr'>B</span> <span class='ocrx_word' id='word_1_186' title='bbox 623 1623 825 1665; x_wconf 69' lang='lat' dir='ltr'>sublimen</span> <span class='ocrx_word' id='word_1_187' title='bbox 849 1626 981 1673; x_wconf 82' lang='lat' dir='ltr'>habet,</span> <span class='ocrx_word' id='word_1_188' title='bbox 1014 1627 1054 1663; x_wconf 91' lang='lat' dir='ltr'>in</span> <span class='ocrx_word' id='word_1_189' title='bbox 1087 1626 1238 1663; x_wconf 86' lang='lat' dir='ltr'>duobus</span> <span class='ocrx_word' id='word_1_190' title='bbox 1270 1627 1389 1664; x_wconf 89' lang='lat' dir='ltr'>etiam</span> <span class='ocrx_word' id='word_1_191' title='bbox 1415 1626 1499 1663; x_wconf 91' lang='lat' dir='ltr'>cod.</span> <span class='ocrx_word' id='word_1_192' title='bbox 1519 1626 1558 1673; x_wconf 88' lang='lat' dir='ltr'>C,</span> <span class='ocrx_word' id='word_1_193' title='bbox 1591 1626 1743 1664; x_wconf 87' lang='lat' dir='ltr'>eadem-</span> 
     </span>
     <span class='ocr_line' id='line_1_21' title="bbox 244 1694 1744 1745; baseline -0.001 -12"><span class='ocrx_word' id='word_1_194' title='bbox 244 1710 318 1745; x_wconf 90' lang='lat' dir='ltr'>que</span> <span class='ocrx_word' id='word_1_195' title='bbox 349 1696 474 1733; x_wconf 85' lang='lat' dir='ltr'>forma</span> <span class='ocrx_word' id='word_1_196' title='bbox 505 1696 544 1732; x_wconf 90' lang='lat' dir='ltr'>in</span> <span class='ocrx_word' id='word_1_197' title='bbox 568 1695 749 1732; x_wconf 87' lang='lat' dir='ltr'>Parisino</span> <span class='ocrx_word' id='word_1_198' title='bbox 775 1696 879 1733; x_wconf 89' lang='lat' dir='ltr'>Livii</span> <span class='ocrx_word' id='word_1_199' title='bbox 911 1699 950 1732; x_wconf 90' lang='lat' dir='ltr'>et</span> <span class='ocrx_word' id='word_1_200' title='bbox 981 1696 1020 1732; x_wconf 87' lang='lat' dir='ltr'>in</span> <span class='ocrx_word' id='word_1_201' title='bbox 1051 1708 1130 1732; x_wconf 88' lang='lat' dir='ltr'>uno</span> <span class='ocrx_word' id='word_1_202' title='bbox 1159 1694 1284 1732; x_wconf 81' lang='lat' dir='ltr'>Servii</span> <span class='ocrx_word' id='word_1_203' title='bbox 1314 1695 1417 1732; x_wconf 86' lang='lat' dir='ltr'>libro</span> <span class='ocrx_word' id='word_1_204' title='bbox 1448 1698 1567 1732; x_wconf 82' lang='lat' dir='ltr'>extat.</span> <span class='ocrx_word' id='word_1_205' title='bbox 1616 1695 1744 1742; x_wconf 78' lang='lat' dir='ltr'>Quare</span> 
     </span>
     <span class='ocr_line' id='line_1_22' title="bbox 242 1761 1744 1814; baseline 0 -14"><span class='ocrx_word' id='word_1_206' title='bbox 242 1764 481 1801; x_wconf 84' lang='lat' dir='ltr'>Ritschelius</span> <span class='ocrx_word' id='word_1_207' title='bbox 513 1763 653 1813; x_wconf 88' lang='lat' dir='ltr'>Opusc.</span> <span class='ocrx_word' id='word_1_208' title='bbox 687 1764 744 1810; x_wconf 91' lang='lat' dir='ltr'>II,</span> <span class='ocrx_word' id='word_1_209' title='bbox 776 1778 815 1814; x_wconf 90' lang='lat' dir='ltr'>p.</span> <span class='ocrx_word' id='word_1_210' title='bbox 850 1765 930 1801; x_wconf 81' lang='grc'>462</span> <span class='ocrx_word' id='word_1_211' title='bbox 963 1778 1071 1814; x_wconf 78' lang='lat' dir='ltr'>sqq,</span> <span class='ocrx_word' id='word_1_212' title='bbox 1113 1763 1260 1813; x_wconf 90' lang='lat' dir='ltr'>ubique</span> <span class='ocrx_word' id='word_1_213' title='bbox 1297 1761 1537 1810; x_wconf 77' lang='lat' dir='ltr'>„sublimen“</span> <span class='ocrx_word' id='word_1_214' title='bbox 1573 1763 1744 1801; x_wconf 86' lang='lat' dir='ltr'>scriben-</span> 
     </span>
     <span class='ocr_line' id='line_1_23' title="bbox 244 1829 1744 1882; baseline 0 -13"><span class='ocrx_word' id='word_1_215' title='bbox 244 1833 335 1869; x_wconf 87' lang='lat' dir='ltr'>dum</span> <span class='ocrx_word' id='word_1_216' title='bbox 375 1833 538 1869; x_wconf 82' lang='lat' dir='ltr'>censuit.</span> <span class='ocrx_word' id='word_1_217' title='bbox 602 1832 675 1878; x_wconf 77' lang='lat' dir='ltr'>Qui</span> <span class='ocrx_word' id='word_1_218' title='bbox 722 1832 828 1882; x_wconf 91' lang='lat' dir='ltr'>quod</span> <span class='ocrx_word' id='word_1_219' title='bbox 872 1832 945 1870; x_wconf 88' lang='lat' dir='ltr'>hoc</span> <span class='ocrx_word' id='word_1_220' title='bbox 985 1833 1147 1882; x_wconf 86' lang='lat' dir='ltr'>proprie</span> <span class='ocrx_word' id='word_1_221' title='bbox 1190 1831 1285 1878; x_wconf 88' lang='lat' dir='ltr'>„sub</span> <span class='ocrx_word' id='word_1_222' title='bbox 1323 1829 1463 1869; x_wconf 88' lang='lat' dir='ltr'>limen“</span> <span class='ocrx_word' id='word_1_223' title='bbox 1508 1845 1592 1869; x_wconf 85' lang='lat' dir='ltr'>esse</span> <span class='ocrx_word' id='word_1_224' title='bbox 1630 1835 1744 1881; x_wconf 82' lang='lat' dir='ltr'>puta-</span> 
     </span>
     <span class='ocr_line' id='line_1_24' title="bbox 244 1900 1745 1947; baseline 0 -10"><span class='ocrx_word' id='word_1_225' title='bbox 244 1902 317 1947; x_wconf 86' lang='lat' dir='ltr'>vit,</span> <span class='ocrx_word' id='word_1_226' title='bbox 358 1901 439 1938; x_wconf 88' lang='lat' dir='ltr'>sine</span> <span class='ocrx_word' id='word_1_227' title='bbox 478 1900 597 1937; x_wconf 90' lang='lat' dir='ltr'>dubio</span> <span class='ocrx_word' id='word_1_228' title='bbox 636 1902 800 1947; x_wconf 75' lang='lat' dir='ltr'>erravit,</span> <span class='ocrx_word' id='word_1_229' title='bbox 842 1901 1073 1938; x_wconf 87' lang='lat' dir='ltr'>adverbium</span> <span class='ocrx_word' id='word_1_230' title='bbox 1120 1901 1172 1936; x_wconf 89' lang='lat' dir='ltr'>sit</span> <span class='ocrx_word' id='word_1_231' title='bbox 1215 1913 1372 1937; x_wconf 83' lang='lat' dir='ltr'>necesse</span> <span class='ocrx_word' id='word_1_232' title='bbox 1420 1903 1478 1937; x_wconf 89' lang='lat' dir='ltr'>est</span> <span class='ocrx_word' id='word_1_233' title='bbox 1523 1900 1570 1938; x_wconf 90' lang='lat' dir='ltr'>ab</span> <span class='ocrx_word' id='word_1_234' title='bbox 1617 1900 1745 1937; x_wconf 86' lang='lat' dir='ltr'>adiec-</span> 
     </span>
     <span class='ocr_line' id='line_1_25' title="bbox 244 1968 1745 2018; baseline -0.001 -13"><span class='ocrx_word' id='word_1_235' title='bbox 244 1970 325 2006; x_wconf 89' lang='lat' dir='ltr'>tivo</span> <span class='ocrx_word' id='word_1_236' title='bbox 365 1982 400 2018; x_wconf 82' lang='lat' dir='ltr'>q.</span> <span class='ocrx_word' id='word_1_237' title='bbox 435 1982 466 2005; x_wconf 89' lang='lat' dir='ltr'>e.</span> <span class='ocrx_word' id='word_1_238' title='bbox 508 1968 685 2006; x_wconf 87' lang='lat' dir='ltr'>sublimis</span> <span class='ocrx_word' id='word_1_239' title='bbox 724 1970 952 2016; x_wconf 86' lang='lat' dir='ltr'>formatum,</span> <span class='ocrx_word' id='word_1_240' title='bbox 993 1968 1062 2006; x_wconf 88' lang='lat' dir='ltr'>sed</span> <span class='ocrx_word' id='word_1_241' title='bbox 1101 1981 1179 2018; x_wconf 89' lang='lat' dir='ltr'>qua</span> <span class='ocrx_word' id='word_1_242' title='bbox 1216 1969 1390 2015; x_wconf 86' lang='lat' dir='ltr'>ratione,</span> <span class='ocrx_word' id='word_1_243' title='bbox 1430 1969 1625 2006; x_wconf 87' lang='lat' dir='ltr'>incertum</span> <span class='ocrx_word' id='word_1_244' title='bbox 1665 1971 1745 2015; x_wconf 72' lang='lat' dir='ltr'>est,</span> 
     </span>
     <span class='ocr_line' id='line_1_26' title="bbox 245 2035 1746 2087; baseline -0.001 -14"><span class='ocrx_word' id='word_1_245' title='bbox 245 2051 334 2073; x_wconf 79' lang='lat' dir='ltr'>nam</span> <span class='ocrx_word' id='word_1_246' title='bbox 371 2036 627 2084; x_wconf 81' lang='lat' dir='ltr'>„sublimen“,</span> <span class='ocrx_word' id='word_1_247' title='bbox 666 2037 770 2087; x_wconf 86' lang='lat' dir='ltr'>quod</span> <span class='ocrx_word' id='word_1_248' title='bbox 804 2037 915 2075; x_wconf 88' lang='lat' dir='ltr'>codd.</span> <span class='ocrx_word' id='word_1_249' title='bbox 950 2035 1243 2083; x_wconf 87' lang='lat' dir='ltr'>commendant,</span> <span class='ocrx_word' id='word_1_250' title='bbox 1276 2037 1595 2074; x_wconf 86' lang='lat' dir='ltr'>terminationem</span> <span class='ocrx_word' id='word_1_251' title='bbox 1625 2035 1746 2073; x_wconf 90' lang='lat' dir='ltr'>habet</span> 
     </span>
     <span class='ocr_line' id='line_1_27' title="bbox 246 2101 1744 2152; baseline -0.001 -11"><span class='ocrx_word' id='word_1_252' title='bbox 246 2105 403 2141; x_wconf 78' lang='lat' dir='ltr'>aliunde</span> <span class='ocrx_word' id='word_1_253' title='bbox 442 2118 519 2141; x_wconf 88' lang='lat' dir='ltr'>non</span> <span class='ocrx_word' id='word_1_254' title='bbox 559 2109 713 2152; x_wconf 74' lang='lat' dir='ltr'>notam,</span> <span class='ocrx_word' id='word_1_255' title='bbox 758 2105 927 2142; x_wconf 84' lang='lat' dir='ltr'>fortasse</span> <span class='ocrx_word' id='word_1_256' title='bbox 971 2101 1200 2152; x_wconf 81' lang='lat' dir='ltr'>„sublimei“</span> <span class='ocrx_word' id='word_1_257' title='bbox 1243 2104 1319 2141; x_wconf 88' lang='lat' dir='ltr'>fuit</span> <span class='ocrx_word' id='word_1_258' title='bbox 1359 2102 1507 2151; x_wconf 82' lang='lat' dir='ltr'>(Madv.</span> <span class='ocrx_word' id='word_1_259' title='bbox 1549 2103 1615 2142; x_wconf 89' lang='lat' dir='ltr'>Gr.</span> <span class='ocrx_word' id='word_1_260' title='bbox 1655 2103 1744 2141; x_wconf 83' lang='lat' dir='ltr'>Lat.</span> 
     </span>
     <span class='ocr_line' id='line_1_28' title="bbox 250 2171 1746 2221; baseline -0.001 -11"><span class='ocrx_word' id='word_1_261' title='bbox 250 2174 326 2210; x_wconf 87' lang='grc'>198</span> <span class='ocrx_word' id='word_1_262' title='bbox 361 2187 380 2210; x_wconf 90' lang='lat' dir='ltr'>c</span> <span class='ocrx_word' id='word_1_263' title='bbox 416 2171 671 2221; x_wconf 76' lang='lat' dir='ltr'>„sublime“);</span> <span class='ocrx_word' id='word_1_264' title='bbox 705 2178 772 2210; x_wconf 89' lang='lat' dir='ltr'>aut</span> <span class='ocrx_word' id='word_1_265' title='bbox 808 2171 1070 2220; x_wconf 78' lang='lat' dir='ltr'>„sublimim“,</span> <span class='ocrx_word' id='word_1_266' title='bbox 1103 2186 1151 2209; x_wconf 91' lang='lat' dir='ltr'>ne</span> <span class='ocrx_word' id='word_1_267' title='bbox 1183 2173 1318 2210; x_wconf 88' lang='lat' dir='ltr'>eadem</span> <span class='ocrx_word' id='word_1_268' title='bbox 1349 2173 1494 2210; x_wconf 86' lang='lat' dir='ltr'>vocalis</span> <span class='ocrx_word' id='word_1_269' title='bbox 1526 2172 1622 2209; x_wconf 89' lang='lat' dir='ltr'>duas</span> <span class='ocrx_word' id='word_1_270' title='bbox 1655 2185 1746 2210; x_wconf 88' lang='lat' dir='ltr'>con-</span> 
     </span>
     <span class='ocr_line' id='line_1_29' title="bbox 245 2239 1747 2290; baseline -0.001 -13"><span class='ocrx_word' id='word_1_271' title='bbox 245 2243 375 2290; x_wconf 74' lang='lat' dir='ltr'>tiguas</span> <span class='ocrx_word' id='word_1_272' title='bbox 408 2241 578 2289; x_wconf 82' lang='lat' dir='ltr'>syllabas</span> <span class='ocrx_word' id='word_1_273' title='bbox 611 2242 825 2289; x_wconf 86' lang='lat' dir='ltr'>obtineret,</span> <span class='ocrx_word' id='word_1_274' title='bbox 866 2242 906 2278; x_wconf 89' lang='lat' dir='ltr'>in</span> <span class='ocrx_word' id='word_1_275' title='bbox 946 2239 1196 2289; x_wconf 80' lang='lat' dir='ltr'>„sublimeni“</span> <span class='ocrx_word' id='word_1_276' title='bbox 1233 2242 1405 2278; x_wconf 86' lang='lat' dir='ltr'>transiit.</span> <span class='ocrx_word' id='word_1_277' title='bbox 1438 2261 1492 2265; x_wconf 79' lang='lat'>—-</span> <span class='ocrx_word' id='word_1_278' title='bbox 1526 2242 1618 2279; x_wconf 87' lang='grc'>860.</span> <span class='ocrx_word' id='word_1_279' title='bbox 1651 2240 1747 2277; x_wconf 85' lang='lat' dir='ltr'>Post</span> 
     </span>
     <span class='ocr_line' id='line_1_30' title="bbox 247 2308 1745 2358; baseline 0.001 -12"><span class='ocrx_word' id='word_1_280' title='bbox 247 2320 296 2347; x_wconf 69' lang='lat' dir='ltr'>nc</span> <span class='ocrx_word' id='word_1_281' title='bbox 322 2310 472 2356; x_wconf 75' lang='lat' dir='ltr'>hiatus,</span> <span class='ocrx_word' id='word_1_282' title='bbox 505 2310 617 2347; x_wconf 86' lang='lat' dir='ltr'>Both.</span> <span class='ocrx_word' id='word_1_283' title='bbox 650 2308 818 2356; x_wconf 83' lang='lat' dir='ltr'>„illunc“</span> <span class='ocrx_word' id='word_1_284' title='bbox 847 2310 978 2357; x_wconf 86' lang='lat' dir='ltr'>scrib.,</span> <span class='ocrx_word' id='word_1_285' title='bbox 1004 2309 1064 2346; x_wconf 87' lang='lat' dir='ltr'>Fl.</span> <span class='ocrx_word' id='word_1_286' title='bbox 1096 2308 1217 2358; x_wconf 79' lang='lat' dir='ltr'>„ego“</span> <span class='ocrx_word' id='word_1_287' title='bbox 1247 2309 1429 2346; x_wconf 83' lang='lat' dir='ltr'>addebat.</span> <span class='ocrx_word' id='word_1_288' title='bbox 1455 2330 1511 2334; x_wconf 89' lang='lat'>-—-</span> <span class='ocrx_word' id='word_1_289' title='bbox 1536 2311 1629 2347; x_wconf 87' lang='lat'>861.</span> <span class='ocrx_word' id='word_1_290' title='bbox 1657 2320 1745 2348; x_wconf 75' lang='grc' dir='ltr'>66η-</span> 
     </span>
     <span class='ocr_line' id='line_1_31' title="bbox 248 2377 1744 2427; baseline 0.003 -16"><span class='ocrx_word' id='word_1_291' title='bbox 248 2388 336 2425; x_wconf 59' lang='lat'>5130,</span> <span class='ocrx_word' id='word_1_292' title='bbox 376 2391 546 2427; x_wconf 73' lang='lat' dir='ltr'>praesens</span> <span class='ocrx_word' id='word_1_293' title='bbox 584 2378 827 2415; x_wconf 86' lang='lat' dir='ltr'>historicum.</span> <span class='ocrx_word' id='word_1_294' title='bbox 889 2378 1066 2415; x_wconf 81' lang='lat' dir='ltr'>Brixium</span> <span class='ocrx_word' id='word_1_295' title='bbox 1104 2379 1145 2415; x_wconf 87' lang='lat' dir='ltr'>in</span> <span class='ocrx_word' id='word_1_296' title='bbox 1174 2378 1317 2415; x_wconf 83' lang='lat' dir='ltr'>Annal.</span> <span class='ocrx_word' id='word_1_297' title='bbox 1356 2378 1452 2427; x_wconf 86' lang='lat' dir='ltr'>phil.</span> <span class='ocrx_word' id='word_1_298' title='bbox 1486 2377 1552 2425; x_wconf 88' lang='lat' dir='ltr'>CI,</span> <span class='ocrx_word' id='word_1_299' title='bbox 1592 2391 1630 2427; x_wconf 91' lang='lat' dir='ltr'>p.</span> <span class='ocrx_word' id='word_1_300' title='bbox 1665 2379 1744 2416; x_wconf 83' lang='grc'>763</span> 
     </span>
     <span class='ocr_line' id='line_1_32' title="bbox 253 2445 1744 2496; baseline 0.001 -14"><span class='ocrx_word' id='word_1_301' title='bbox 253 2445 433 2492; x_wconf 76' lang='lat' dir='ltr'>„censui“</span> <span class='ocrx_word' id='word_1_302' title='bbox 464 2447 723 2494; x_wconf 78' lang='lat' dir='ltr'>corrigentem</span> <span class='ocrx_word' id='word_1_303' title='bbox 748 2447 937 2484; x_wconf 87' lang='lat' dir='ltr'>refellunt</span> <span class='ocrx_word' id='word_1_304' title='bbox 952 2447 1175 2496; x_wconf 88' lang='lat' dir='ltr'>praesentia,</span> <span class='ocrx_word' id='word_1_305' title='bbox 1196 2459 1281 2496; x_wconf 76' lang='lat' dir='ltr'>quae</span> <span class='ocrx_word' id='word_1_306' title='bbox 1301 2449 1518 2495; x_wconf 84' lang='lat' dir='ltr'>sequuntur</span> <span class='ocrx_word' id='word_1_307' title='bbox 1534 2460 1569 2483; x_wconf 91' lang='lat' dir='ltr'>v.</span> <span class='ocrx_word' id='word_1_308' title='bbox 1590 2447 1669 2484; x_wconf 81' lang='grc'>864</span> <span class='ocrx_word' id='word_1_309' title='bbox 1688 2458 1744 2493; x_wconf 85' lang='lat' dir='ltr'>sq.</span> 
     </span>
     <span class='ocr_line' id='line_1_33' title="bbox 249 2512 1747 2565; baseline 0.001 -15"><span class='ocrx_word' id='word_1_310' title='bbox 249 2512 444 2561; x_wconf 81' lang='lat' dir='ltr'>(aduenit,</span> <span class='ocrx_word' id='word_1_311' title='bbox 478 2518 585 2560; x_wconf 86' lang='lat' dir='ltr'>arat,</span> <span class='ocrx_word' id='word_1_312' title='bbox 619 2513 796 2562; x_wconf 88' lang='lat' dir='ltr'>deserit).</span> <span class='ocrx_word' id='word_1_313' title='bbox 857 2515 961 2564; x_wconf 83' lang='lat' dir='ltr'>Ego,</span> <span class='ocrx_word' id='word_1_314' title='bbox 994 2516 1142 2564; x_wconf 87' lang='lat' dir='ltr'>inquit,</span> <span class='ocrx_word' id='word_1_315' title='bbox 1183 2515 1372 2565; x_wconf 87' lang='lat' dir='ltr'>putabam</span> <span class='ocrx_word' id='word_1_316' title='bbox 1412 2528 1499 2551; x_wconf 89' lang='lat' dir='ltr'>eum</span> <span class='ocrx_word' id='word_1_317' title='bbox 1537 2515 1577 2550; x_wconf 89' lang='lat' dir='ltr'>in</span> <span class='ocrx_word' id='word_1_318' title='bbox 1610 2518 1747 2551; x_wconf 81' lang='lat' dir='ltr'>senatu</span> 
     </span>
     <span class='ocr_line' id='line_1_34' title="bbox 249 2582 1747 2633; baseline 0.002 -16"><span class='ocrx_word' id='word_1_319' title='bbox 249 2595 408 2631; x_wconf 76' lang='lat' dir='ltr'>operam</span> <span class='ocrx_word' id='word_1_320' title='bbox 447 2582 539 2619; x_wconf 77' lang='lat' dir='ltr'>dare</span> <span class='ocrx_word' id='word_1_321' title='bbox 578 2583 804 2633; x_wconf 65' lang='lat' dir='ltr'>reipublicae</span> <span class='ocrx_word' id='word_1_322' title='bbox 844 2587 912 2620; x_wconf 84' lang='lat' dir='ltr'>aut</span> <span class='ocrx_word' id='word_1_323' title='bbox 950 2585 989 2620; x_wconf 89' lang='lat' dir='ltr'>in</span> <span class='ocrx_word' id='word_1_324' title='bbox 1028 2584 1114 2621; x_wconf 90' lang='lat' dir='ltr'>foro</span> <span class='ocrx_word' id='word_1_325' title='bbox 1153 2583 1375 2629; x_wconf 86' lang='lat' dir='ltr'>clientibus,</span> <span class='ocrx_word' id='word_1_326' title='bbox 1417 2586 1456 2619; x_wconf 85' lang='lat' dir='ltr'>et</span> <span class='ocrx_word' id='word_1_327' title='bbox 1487 2582 1593 2632; x_wconf 90' lang='lat' dir='ltr'>quod</span> <span class='ocrx_word' id='word_1_328' title='bbox 1623 2586 1747 2620; x_wconf 80' lang='lat' dir='ltr'>totam</span> 
     </span>
     <span class='ocr_line' id='line_1_35' title="bbox 248 2650 1746 2698; baseline 0.001 -13"><span class='ocrx_word' id='word_1_329' title='bbox 248 2653 401 2685; x_wconf 85' lang='lat' dir='ltr'>noctem</span> <span class='ocrx_word' id='word_1_330' title='bbox 426 2650 627 2698; x_wconf 80' lang='lat' dir='ltr'>stertebat,</span> <span class='ocrx_word' id='word_1_331' title='bbox 654 2665 740 2688; x_wconf 86' lang='lat' dir='ltr'>eum</span> <span class='ocrx_word' id='word_1_332' title='bbox 765 2652 838 2688; x_wconf 87' lang='lat' dir='ltr'>tali</span> <span class='ocrx_word' id='word_1_333' title='bbox 863 2651 999 2688; x_wconf 88' lang='lat' dir='ltr'>labore</span> <span class='ocrx_word' id='word_1_334' title='bbox 1023 2653 1063 2688; x_wconf 89' lang='lat' dir='ltr'>in</span> <span class='ocrx_word' id='word_1_335' title='bbox 1087 2652 1166 2689; x_wconf 87' lang='lat' dir='ltr'>illis</span> <span class='ocrx_word' id='word_1_336' title='bbox 1190 2652 1284 2689; x_wconf 87' lang='lat' dir='ltr'>locis</span> <span class='ocrx_word' id='word_1_337' title='bbox 1303 2651 1496 2688; x_wconf 70' lang='lat' dir='ltr'>defessum</span> <span class='ocrx_word' id='word_1_338' title='bbox 1513 2651 1669 2688; x_wconf 88' lang='lat' dir='ltr'>domum</span> <span class='ocrx_word' id='word_1_339' title='bbox 1687 2664 1746 2688; x_wconf 84' lang='lat' dir='ltr'>re-</span> 
     </span>
     <span class='ocr_line' id='line_1_36' title="bbox 249 2716 1741 2769; baseline 0.003 -17"><span class='ocrx_word' id='word_1_340' title='bbox 249 2716 333 2753; x_wconf 83' lang='lat' dir='ltr'>dire</span> <span class='ocrx_word' id='word_1_341' title='bbox 353 2718 637 2756; x_wconf 80' lang='lat' dir='ltr'>existimabam.</span> <span class='ocrx_word' id='word_1_342' title='bbox 655 2739 702 2743; x_wconf 79' lang='lat'>—-</span> <span class='ocrx_word' id='word_1_343' title='bbox 718 2719 813 2756; x_wconf 89' lang='lat' dir='ltr'>Post</span> <span class='ocrx_word' id='word_1_344' title='bbox 835 2718 1080 2767; x_wconf 73' lang='lat' dir='ltr'>„hominem“</span> <span class='ocrx_word' id='word_1_345' title='bbox 1101 2720 1233 2757; x_wconf 88' lang='lat' dir='ltr'>hiatus</span> <span class='ocrx_word' id='word_1_346' title='bbox 1251 2723 1327 2767; x_wconf 83' lang='lat' dir='ltr'>est3</span> <span class='ocrx_word' id='word_1_347' title='bbox 1346 2720 1499 2769; x_wconf 84' lang='lat' dir='ltr'>antiqui</span> <span class='ocrx_word' id='word_1_348' title='bbox 1516 2719 1603 2756; x_wconf 90' lang='lat' dir='ltr'>edd.</span> <span class='ocrx_word' id='word_1_349' title='bbox 1627 2717 1741 2766; x_wconf 86' lang='lat' dir='ltr'>„aut“</span> 
     </span>
     <span class='ocr_line' id='line_1_37' title="bbox 250 2784 1746 2838; baseline 0.002 -17"><span class='ocrx_word' id='word_1_350' title='bbox 250 2784 468 2831; x_wconf 77' lang='lat' dir='ltr'>addebant,</span> <span class='ocrx_word' id='word_1_351' title='bbox 501 2799 577 2822; x_wconf 83' lang='lat' dir='ltr'>non</span> <span class='ocrx_word' id='word_1_352' title='bbox 609 2787 721 2833; x_wconf 87' lang='lat' dir='ltr'>male,</span> <span class='ocrx_word' id='word_1_353' title='bbox 756 2787 825 2823; x_wconf 89' lang='lat' dir='ltr'>sed</span> <span class='ocrx_word' id='word_1_354' title='bbox 855 2800 1005 2834; x_wconf 85' lang='lat' dir='ltr'>vereor,</span> <span class='ocrx_word' id='word_1_355' title='bbox 1040 2801 1088 2825; x_wconf 91' lang='lat' dir='ltr'>ne</span> <span class='ocrx_word' id='word_1_356' title='bbox 1119 2789 1302 2838; x_wconf 77' lang='lat' dir='ltr'>graviora</span> <span class='ocrx_word' id='word_1_357' title='bbox 1326 2789 1425 2825; x_wconf 84' lang='lat' dir='ltr'>vitia</span> <span class='ocrx_word' id='word_1_358' title='bbox 1451 2787 1621 2834; x_wconf 77' lang='lat' dir='ltr'>subsint3</span> <span class='ocrx_word' id='word_1_359' title='bbox 1652 2800 1746 2824; x_wconf 85' lang='lat' dir='ltr'>nam</span> 
     </span>
    </p>
   </div>
  </div>
 </body>
</html>
