1926 3275
312 270 363 306 42
999 264 1120 296 Plauti
1560 262 1606 305 11,
1627 263 1657 304 2,
1674 262 1808 296 51—65

313 391 382 432 Sic
415 391 579 432 salutas
611 395 741 444 atque
774 390 982 444 appellas,
1015 389 1159 443 [quasi
1191 388 1353 430 dudum
1383 402 1470 429 non
1500 386 1675 438 uideris,

313 463 443 512 Quasi
477 464 548 516 qui
580 477 691 503 nunc
716 463 900 515 primum
924 463 1110 515 recipias
1135 466 1177 502 te
1205 461 1379 501 domum
1402 459 1486 500 huc
1510 472 1562 499 ex
1584 457 1808 500 hostibus?

312 536 453 588 Atque
486 550 552 575 me
583 548 695 575 nunc
728 534 908 587 proinde
940 532 1165 587 appellas]
1199 533 1323 587 quasi
1349 531 1484 572 multo
1510 535 1609 584 post
1632 531 1834 572 uideriss

901 605 1216 658 Amphitruo

312 678 445 719 Immo
479 678 677 731 equidem
708 681 750 718 te
782 677 863 718 nisi
894 691 1007 718 nunc
1037 677 1164 718 hodie
1196 691 1411 731 nusquam
1441 677 1531 718 uidi
1561 677 1764 731 gentium.

919 749 978 790 Al
989 764 1099 790 cuin
1109 764 1129 791 e
1140 765 1167 790 n
1178 764 1203 790 a

315 807 400 848 Cur
431 808 591 861 negas?

904 879 1220 932 Amphitruo

616 952 725 1002 Quia
756 965 861 992 uera
893 951 1025 992 didici
1057 950 1212 991 dicere.

920 1038 1209 1079 Alcumena

1229 1109 1359 1151 Haud
1391 1124 1577 1164 aequom
1602 1109 1719 1161 facit,
1745 1116 1813 1150 680

314 1184 406 1234 Qui⁷
440 1184 555 1237 quod
588 1183 749 1229 didicit,
783 1182 826 1223 id
858 1182 1051 1223 dediscit.
1098 1182 1163 1222 An
1196 1181 1515 1236 periclitamini,

314 1255 424 1304 Quid
443 1255 573 1295 animi
591 1254 804 1295 habeam?
837 1254 920 1295 Sed
946 1254 1049 1308 quid
1069 1254 1152 1294 huc
1168 1269 1247 1295 uos
1266 1255 1571 1295 conuortimini
1586 1258 1676 1295 tam
1695 1255 1812 1296 cito?

312 1327 377 1366 An
409 1331 451 1366 te
483 1327 724 1380 auspicium
757 1330 1097 1367 conmoratumst
1127 1340 1182 1366 an
1213 1330 1451 1379 tempestas
1484 1327 1690 1378 continet,

314 1398 395 1448 Qui
426 1413 511 1440 non
544 1399 691 1439 abiisti
723 1399 777 1439 ad
808 1398 1011 1451 legiones,
1043 1398 1106 1439 ita
1137 1399 1203 1438 uti
1236 1398 1397 1439 dudum
1429 1398 1632 1439 dixeras?

906 1469 1221 1523 Amphitruo

315 1542 514 1583 Dudum?
548 1543 685 1592 Quam
719 1542 880 1583 dudum
911 1543 1022 1583 istuc
1052 1542 1287 1583 factumst?

914 1625 1202 1666 Alcumena

945 1697 1161 1750 Temptas.
1208 1697 1313 1738 Tam
1346 1697 1517 1748 dudum,
1550 1697 1689 1738 modo.
1744 1702 1812 1736 685

908 1784 1220 1837 Amphitruo

315 1855 394 1904 Qui
420 1856 530 1895 istuc
558 1856 666 1907 potis
692 1860 755 1896 est
780 1856 884 1901 fieri,
913 1870 1086 1910 quaeso.
1113 1860 1160 1897 ut
1185 1856 1312 1897 dicis:
1345 1860 1435 1897 tam
1459 1856 1632 1906 dudum,
1652 1857 1810 1897 inodo?

916 1943 1205 1984 Alcumena

314 2012 423 2061 Quid
457 2014 567 2053 enim
601 2018 780 2054 censes?
814 2019 854 2055 te
887 2020 933 2055 ut
965 2015 1165 2056 deludam
1199 2020 1364 2060 contra,
1397 2016 1585 2057 lusorem
1616 2031 1771 2067 meum,

313 2083 392 2132 Qui
420 2099 531 2124 nunc
560 2087 742 2137 primum
767 2091 808 2126 te
834 2086 1061 2128 aduenisse
1088 2087 1217 2132 dicas,
1246 2088 1371 2129 modo
1399 2088 1471 2141 qui
1496 2087 1595 2128 hinc
1619 2088 1809 2129 abieris?

905 2174 1218 2228 Amphitruo

315 2244 431 2284 Haec
463 2245 632 2297 quidem
668 2245 951 2286 deliramenta
982 2246 1186 2300 loquitur.

984 2334 1138 2374 Sosia

1213 2390 1440 2443 Paulisper
1471 2404 1610 2435 mane,

314 2457 421 2497 Dum
455 2459 712 2500 edormiscat
745 2475 874 2501 unum
909 2476 1116 2502 somnum.

904 2548 1212 2600 Amphitruo

1102 2620 1278 2668 Quaene
1296 2622 1479 2673 uigilans
1497 2622 1713 2662 somniat?
1738 2627 1806 2661 690

403 2785 467 2815 (5⁸4
495 2784 602 2817 abisti
654 2792 688 2817 111
751 2788 816 2819 685
842 2788 913 2819 iam
939 2788 1075 2821 dudum
1102 2790 1244 2832 pridem
1272 2791 1380 2824 modo
1437 2792 1503 2825 686
1530 2791 1600 2824 iam
1654 2792 1721 2825 688
1745 2792 1806 2825 ha-

315 2838 421 2871 bieria
