1926 3275
126 296 190 341 ΠΙ,
204 299 236 342 3,
253 297 432 333 115--128
789 297 970 332 Asinaria.
1551 301 1628 340 121

760 423 996 465 Libanus

388 496 480 549 Ego
511 495 669 538 fecero.
715 496 838 548 Hem,
872 496 976 550 quid
1006 496 1121 537 istuc
1153 496 1248 537 est‘?
1278 499 1327 537 ut
1357 500 1406 538 tu
1436 495 1632 538 incedis?

126 568 309 610 Demam
338 567 484 610 hercle
515 568 603 609 iam
634 569 687 610 de
718 568 896 620 hordeo,
928 568 1103 609 tolutim
1133 568 1178 609 ni
1202 568 1416 610 badissaS.

711 640 1046 695 Argyrippus

126 712 306 764 Amabo,
338 712 516 764 Libane,
547 713 635 754 iam
666 716 735 754 sat
767 716 845 754 est.

761 784 997 826 Libanus

693 856 940 908 Numquam
970 855 1117 897 hercle
1149 855 1279 897 hodie
1312 856 1532 908 exorabis,
1566 863 1633 896 ’700

125 926 240 969 Nam
269 928 356 969 iam
388 927 551 968 calcari
582 928 863 981 quadrupedo
897 927 1074 980 agitabo
1108 927 1344 968 aduorsum
1376 928 1546 980 cliuom,

125 999 287 1042 Postea
319 1003 356 1040 te
387 998 443 1040 ad
474 1000 660 1053 pistores
692 999 820 1050 dabo,
852 1003 902 1040 ut
932 999 993 1040 ibi
1025 999 1218 1040 cruciere
1251 1013 1441 1040 currens.

126 1072 234 1114 Asta
270 1075 320 1113 ut
358 1070 621 1112 descendam
658 1085 774 1112 nunc
813 1071 901 1112 iam
938 1071 983 1112 in
1020 1071 1222 1125 procliui,
1263 1085 1528 1125 quamquam
1559 1086 1633 1114 ne-

1086 1157 1217 1196 quam
1249 1157 1305 1184 es.

712 1214 1046 1269 Argyrippus

127 1287 271 1339 Quid?
300 1300 415 1328 nunc
447 1286 652 1339 quoniam
683 1286 811 1327 ambo
842 1289 891 1327 ut
922 1290 989 1327 est
1018 1285 1206 1327 lubitum
1235 1300 1314 1327 nos
1347 1286 1582 1340 delusistis,

125 1359 308 1401 Datisne
341 1358 603 1411 argentum?

760 1429 997 1470 Libanus

504 1501 549 1543 Si
582 1500 757 1555 quidem
787 1500 892 1541 mihi
924 1504 1117 1541 statuam
1150 1504 1193 1542 et
1223 1515 1345 1542 aram
1376 1503 1534 1544 statuis
1567 1509 1634 1542 705

126 1573 269 1627 Atque
300 1576 349 1615 ut
380 1573 460 1615 deo
492 1573 598 1614 mihi
628 1573 699 1614 hic
730 1572 916 1614 inmolas
945 1572 1123 1624 bouem,
1155 1587 1256 1614 nam
1288 1587 1366 1627 ego
1398 1573 1480 1615 tibi
1507 1574 1632 1616 Salus

1090 1658 1197 1686 sum.

764 1715 798 1756 L
809 1730 830 1757 e
842 1730 865 1756 o
878 1715 1002 1757 nida

129 1789 276 1831 Etiam
305 1793 370 1840 tu,
403 1802 493 1839 ere,
525 1788 669 1829 istunc
707 1801 882 1828 amoues
923 1787 1000 1828 abs
1038 1791 1082 1829 te
1121 1791 1252 1840 atque
1287 1788 1429 1841 ipsum
1460 1803 1527 1831 me
1559 1789 1635 1830 ad-

1090 1859 1271 1912 gredere

130 1933 272 1986 Atque
303 1931 390 1984 illa,
423 1931 505 1973 sibi
536 1944 646 1984 quae
670 1930 741 1971 hic
765 1930 962 1981 iusserat,
988 1930 1093 1972 mihi
1116 1932 1272 1973 statuis
1299 1931 1635 1985 supplicasque?

717 2001 1049 2056 Argyrippus

132 2075 270 2126 Quem
299 2079 344 2117 te
377 2074 505 2117 deum
537 2078 683 2116 autem
712 2074 961 2115 nominem?

766 2145 800 2186 L
812 2160 833 2187 e
845 2160 867 2187 o
880 2146 1003 2187 nida

852 2218 1102 2269 Fortunam,
1136 2222 1267 2272 atque
1300 2217 1633 2271 Obsequentem.

718 2288 1050 2343 Argyrippus

132 2359 224 2401 Iam
254 2360 365 2401 istoc
397 2374 441 2401 es
472 2360 636 2401 melior.

771 2432 804 2472 L
815 2432 863 2472 ib
875 2446 900 2472 a
910 2446 937 2472 n
948 2447 975 2472 u
985 2446 1004 2472 s

647 2503 713 2543 An
746 2503 850 2556 quid
881 2507 946 2544 est
976 2503 1139 2544 homini
1172 2502 1322 2545 Salute
1353 2503 1538 2544 molius?
1570 2509 1637 2542 710

721 2573 1049 2628 Argyrippus

133 2644 258 2687 Licet
288 2645 461 2686 laudem
493 2645 732 2686 Fortunam
763 2649 920 2696 tamen,
951 2650 1000 2687 ut
1031 2661 1084 2688 ne
1116 2646 1309 2688 Salutem
1342 2646 1525 2699 culpem.

225 2814 292 2847 699
316 2813 464 2847 badizas
536 2815 602 2847 702
626 2816 662 2846 tc
689 2823 753 2848 om.
827 2815 894 2848 704
919 2815 1051 2848 amabo
1077 2818 1117 2848 ut
1184 2816 1251 2849 707
1275 2815 1354 2859 ipse
1421 2816 1487 2849 709
1513 2817 1635 2848 autom

135 2868 244 2903 deum
336 2870 403 2903 '710
428 2872 484 2904 cst
510 2870 598 2903 olim
622 2870 764 2904 homini
