1926 3275
154 300 199 343 II,
219 303 251 344 2,
270 303 448 336 143—155
790 303 1024 346 Amphitruo.
1602 306 1654 342 49

750 428 1061 481 Amphitruo

154 497 307 550 Recte,
338 499 445 540 itast
474 504 521 541 ut
553 499 790 552 obsignaui.

182 566 185 569 ¹
830 570 985 612 Sosia

837 643 1021 694 Quaeso,
1055 642 1157 695 quin
1188 646 1235 683 tu
1266 643 1410 683 istanc
1441 642 1563 684 iubes

152 713 235 755 Pro
269 715 431 756 cerrita
462 715 763 756 circumferri?

748 786 1065 840 Amphitruo

771 858 939 912 Edepol
972 859 1045 911 qui
1075 857 1236 917 factost
1268 871 1398 911 opus,

152 929 263 969 Nam
293 929 403 970 haec
435 930 609 983 quidem
640 930 795 984 edepol
825 930 1051 971 laruarum
1083 929 1268 983 plenast.

764 1002 1053 1043 Alcumena

1068 1072 1179 1123 Quid
1211 1073 1359 1114 uerbis
1392 1074 1550 1127 opust?
1589 1080 1656 1112 770

152 1143 233 1184 Em
263 1145 345 1186 tibi
375 1149 585 1198 pateram,
618 1159 780 1186 eccam.

745 1215 1063 1270 Amphitruo

787 1288 904 1330 Cedo
938 1287 1052 1328 mihi.

763 1360 1049 1401 Alcumena

915 1432 1006 1484 Age
1037 1431 1182 1484 aspice
1214 1430 1298 1471 huc
1331 1431 1388 1472 sis
1419 1445 1533 1472 nunc
1565 1433 1652 1473 iam

150 1505 232 1556 Tu,
266 1506 339 1558 qui
370 1519 481 1558 quae
512 1504 632 1546 facta
662 1503 871 1551 infitiare,
906 1518 1033 1557 quem
1066 1517 1142 1555 ego
1175 1503 1261 1543 iam
1292 1501 1362 1543 hic
1395 1504 1651 1544 conuincam

1107 1574 1262 1627 palam.

149 1647 283 1689 Estne
315 1649 424 1689 haec
456 1651 622 1702 patera,
655 1661 740 1700 qua
771 1646 993 1688 donatus's
1023 1645 1115 1686 illi‘?

746 1717 1057 1771 Amphitruo

889 1782 894 1786 μ
1128 1788 1299 1830 Summe
1330 1789 1534 1842 Iuppiter,

149 1863 260 1913 Quid
292 1876 371 1915 ego
403 1862 560 1904 uideo?
592 1862 712 1904 Haec
745 1865 841 1902 east
871 1860 1069 1914 profecto
1102 1863 1275 1913 patera3
1307 1861 1429 1913 perii,
1461 1860 1600 1902 Sosia!

821 1933 973 1974 Sosia

147 2005 234 2046 Aut
263 2005 336 2058 pol
365 2005 474 2047 haec
505 2005 831 2058 praestigiatrix
862 2003 998 2044 multo
1030 2003 1186 2044 mulier
1216 2007 1460 2043 maxumast
1580 2010 1646 2042 775

145 2076 233 2118 Aut
263 2076 333 2118 hic
364 2081 559 2130 pateram
590 2077 733 2117 inesse
765 2079 951 2129 oportet.

742 2147 1054 2201 Amphitruo

964 2216 1170 2271 Agedum,
1203 2217 1377 2259 exsolue
1402 2219 1613 2260 cistulam.

820 2289 974 2330 Sosia

146 2361 258 2412 Quid
289 2375 366 2415 ego
397 2362 526 2403 istam
559 2360 810 2403 exsoluam?
851 2359 1136 2413 Obsignatast
1166 2364 1297 2401 recte.
1358 2361 1444 2402 Res
1477 2366 1644 2415 gestast

1097 2431 1227 2482 bene3

145 2503 208 2544 Tu
239 2504 448 2557 peperisti
478 2503 848 2556 Amphitruonem,
881 2518 960 2556 ego
993 2503 1122 2543 alium
1155 2503 1303 2556 peperi
1335 2502 1520 2555 Sosiam3

144 2575 267 2616 Nunc
299 2575 334 2615 si
367 2579 564 2628 pateram
595 2579 749 2627 patera
779 2576 958 2628 peperit,
991 2588 1138 2615 omnes
1173 2575 1582 2625 congeminauimus.

737 2646 1050 2699 Amphitruo

145 2715 364 2757 Certumst
395 2717 564 2770 aperire
597 2721 728 2769 atque
760 2717 988 2770 inspicere.

234 2871 297 2903 771
326 2869 493 2904 nuntiam
587 2871 653 2904 773
679 2869 837 2904 donatus
930 2870 996 2903 ’776
1022 2880 1102 2903 cam
1128 2868 1230 2902 solue
1323 2871 1388 2904 779
1414 2871 1532 2903 omnis

1344 2938 1365 2969 4
