1926 3275
763 249 1043 295 Prolegomena.
1577 255 1597 293 1
1604 254 1627 294 5
1633 254 1657 294 3

155 380 370 427 codicibus,
403 393 525 430 quum
553 382 647 430 post
677 379 893 417 Camerarii
921 381 1090 417 mortem
1119 379 1161 416 in
1190 378 1415 416 Palatinam
1444 379 1658 417 bibliothe-

154 461 240 486 cam
268 449 560 497 pervenissent,
594 451 634 485 et
662 447 810 485 Pareus
842 451 882 485 et
912 447 1108 486 Gruterus
1144 447 1207 484 usi
1245 451 1357 494 sunt,
1392 461 1560 497 quorum
1589 448 1658 486 ille

154 529 178 554 a
208 516 387 553 codicum
416 516 644 553 testimonio
676 515 776 552 nihil
806 515 887 553 fere
913 516 1113 553 discedere
1136 529 1255 552 ausus
1280 517 1515 563 accuratius,
1541 529 1660 565 quam

153 584 233 621 illis
263 583 508 634 temporibus
538 582 626 621 fieri
656 583 828 631 solebat,
871 584 1086 633 scripturas
1126 583 1321 621 librorum
1361 585 1554 632 enotavit,
1594 584 1660 621 hic

155 652 335 690 acerrimi
374 651 592 689 adversarii
635 654 772 702 partes
815 663 934 699 agens
975 665 1046 701 per
1083 652 1384 689 Taubmannum
1422 651 1660 703 discipulum

155 719 353 770 quidquid
381 719 531 757 Parcus
561 722 630 756 aut
660 720 850 757 omiserat
881 722 950 756 aut
977 723 1180 758 erraverat
1207 733 1294 757 cum
1317 733 1458 770 magno
1484 721 1661 757 convicio

155 788 340 825 correxit.
403 787 487 833 Quo
521 787 669 824 factum
701 790 772 834 est,
804 790 850 824 ut
880 787 944 825 vel
974 788 1117 825 abhinc
1149 787 1338 825 ducentos
1370 787 1662 837 quinquaginta

155 868 278 893 annos
316 855 412 892 satis
451 858 652 902 accurate,
695 854 793 904 quid
829 856 872 892 in
910 856 1072 906 optimis
1112 856 1315 893 codicibus
1353 858 1528 902 extaret,
1568 855 1662 893 sciri

154 923 351 973 potuerit;
383 922 453 960 sed
482 922 543 960 his
574 923 670 960 solis
701 923 942 960 credendum
974 937 1056 961 esse
1087 924 1261 961 nondum
1291 924 1537 961 intellectum
1563 926 1660 971 erat,

154 1003 225 1028 nec
254 991 406 1040 paratis
437 991 533 1028 satis
564 990 783 1028 utebantur
813 991 999 1029 editores.
1057 991 1195 1041 Neque
1225 991 1300 1028 hoc
1331 991 1559 1039 mirabitur,
1594 992 1663 1041 qui

156 1058 431 1097 difficultatem
469 1059 600 1109 operis
639 1058 966 1096 consideraverit.
1027 1058 1129 1096 Nam
1174 1060 1294 1096 etiam
1332 1060 1471 1108 optimi
1509 1059 1662 1097 codices

154 1127 262 1164 vitiis
289 1125 562 1174 abundabant3
595 1139 722 1164 sermo
754 1127 939 1176 antiquus
970 1140 1050 1163 non
1083 1126 1296 1164 admodum
1326 1130 1446 1164 notus
1474 1130 1572 1174 erat,
1599 1140 1663 1164 res

155 1197 286 1232 autem
325 1207 347 1231 a
375 1194 516 1232 Plauto
557 1196 872 1232 commemoratae
912 1206 1096 1242 magnam
1141 1197 1297 1244 partem
1342 1195 1498 1244 ignotae.
1559 1194 1663 1231 Ante

156 1263 289 1300 omnia
331 1263 553 1311 interprete
598 1275 696 1311 opus
737 1264 841 1309 erat,
882 1262 950 1311 qui
988 1263 1195 1312 scriptoris
1232 1262 1355 1299 verba
1394 1266 1433 1300 et
1472 1263 1585 1300 docte
1623 1265 1664 1300 et

157 1331 353 1378 sagaciter
397 1334 438 1367 et
482 1330 656 1367 dilucide
702 1333 918 1367 enarraret.
980 1330 1087 1367 Talis
1128 1331 1264 1367 extitit
1299 1330 1515 1380 Dionysius
1544 1330 1663 1367 Lam-

154 1398 291 1445 binus,
330 1399 392 1436 vir
432 1402 472 1435 et
511 1398 559 1435 de
599 1398 686 1435 aliis
726 1398 900 1448 antiquis
940 1398 1205 1447 scriptoribus
1251 1402 1291 1435 et
1336 1397 1386 1435 de
1424 1398 1567 1435 Plauto
1605 1399 1664 1435 ita

155 1467 333 1514 meritus,
363 1468 409 1503 ut
441 1479 530 1502 eum
559 1479 674 1503 nemo
706 1465 822 1503 facile
853 1469 1024 1515 superet.
1070 1465 1168 1502 Eius
1200 1466 1323 1515 copiis
1355 1466 1437 1503 fere
1468 1467 1530 1503 usi
1557 1469 1661 1513 sunt,

157 1534 227 1584 qui
264 1536 402 1583 postea
437 1533 624 1571 Plautum
665 1548 850 1571 enarrare
897 1535 1029 1572 conati
1074 1537 1182 1581 sunt,
1229 1534 1399 1570 maxime
1437 1533 1664 1571 Gronovius

159 1598 328 1649 (1664),
371 1601 480 1638 cuius
519 1601 690 1638 editione
730 1615 854 1652 usque
893 1602 943 1639 ad
973 1605 1153 1639 nostrum
1185 1602 1370 1639 saeculum
1400 1602 1458 1638 ita
1488 1601 1665 1638 contenti

156 1669 317 1706 fuerunt
361 1667 561 1716 homines,
607 1672 655 1706 ut
698 1669 818 1718 vulgo
864 1672 904 1707 et
949 1672 1103 1707 textum
1148 1669 1231 1706 eius
1277 1671 1317 1705 et
1371 1670 1664 1706 enarrationem

156 1739 429 1787 sequerentur,
461 1739 675 1787 utrumque
705 1738 824 1774 nimis
855 1738 1064 1786 patienter.

270 1804 390 1841 Initio
427 1804 544 1841 huius
580 1805 712 1842 saeculi
749 1805 917 1842 Bothius
957 1818 1037 1842 non
1075 1805 1175 1842 nihil
1212 1805 1382 1842 contulit
1420 1803 1469 1840 ad
1507 1805 1664 1840 textum

158 1871 499 1920 constituendum,
553 1872 624 1909 sed
675 1873 791 1910 modo
844 1873 1030 1910 audacius
1084 1873 1201 1910 modo
1254 1874 1384 1910 minus
1436 1874 1665 1908 constanter

158 1940 257 1988 egit,
295 1939 559 1977 Lindemanni
595 1940 795 1978 industria
832 1942 937 1978 intra
975 1954 1120 1991 paucas
1158 1940 1310 1978 fabulas
1349 1939 1545 1985 substitit,
1591 1951 1664 1975 nec

156 2007 296 2046 Weisii
327 2021 449 2058 opera
479 2022 542 2045 res
572 2008 742 2045 multum
772 2012 957 2058 promota
986 2009 1209 2056 videbatur,
1241 2010 1299 2046 ita
1328 2011 1375 2045 ut
1398 2007 1557 2053 fuerint,
1582 2006 1661 2055 qui,

159 2089 279 2125 quum
324 2075 395 2113 has
439 2075 594 2113 fabulas
638 2075 825 2113 mendose
871 2076 999 2113 editas
1045 2090 1128 2113 esse
1173 2076 1547 2113 animadvertissent
1593 2086 1664 2110 nec

158 2143 244 2181 sine
287 2144 400 2181 novis
446 2143 625 2181 codicum
669 2144 860 2181 subsidiis
907 2144 1107 2181 emendari
1148 2157 1262 2194 posse
1300 2146 1509 2193 putarent,
1551 2141 1665 2192 quasi

158 2210 370 2261 desperata
406 2224 449 2248 re
489 2225 512 2248 a
541 2211 683 2249 Plauto
723 2213 880 2249 omnino
921 2211 1197 2249 abstinendum
1237 2211 1439 2250 ducerent.
1498 2211 1666 2248 Animus

158 2278 374 2328 philologis
411 2278 570 2316 additus
612 2282 690 2326 est,
733 2283 943 2329 postquam
979 2280 1108 2317 Maius
1146 2280 1187 2316 in
1225 2279 1487 2316 Ambrosiano
1524 2278 1664 2327 palim-

158 2349 294 2396 psesto
330 2345 463 2382 Plauti
501 2346 721 2394 fragmenta
758 2348 910 2384 invenit
949 2351 988 2384 et
1028 2360 1114 2397 quae
1152 2347 1302 2396 legerat
1339 2346 1462 2383 edidit
1501 2343 1663 2393 (1815).

160 2412 304 2451 Statim
343 2413 561 2462 apparebat
604 2428 685 2451 rem
725 2415 855 2464 magni
901 2416 1088 2451 momenti
1133 2428 1235 2461 esse,
1275 2428 1319 2452 ac
1358 2415 1390 2451 si
1427 2414 1542 2462 plura
1586 2414 1665 2462 legi

159 2484 338 2530 possent,
386 2494 475 2530 spes
522 2485 612 2519 orta
657 2485 717 2519 est
761 2482 844 2519 fore
882 2485 927 2518 ut
963 2482 1155 2531 pristinus
1192 2483 1300 2519 nitor
1339 2482 1526 2530 scriptori
1564 2482 1665 2518 male

160 2548 298 2586 habito
330 2548 575 2586 redderetur.
638 2548 745 2598 Opus
785 2549 951 2586 arduum
991 2563 1198 2599 aggressus
1229 2553 1291 2586 est
1318 2549 1546 2586 Fridericus
1577 2549 1664 2585 Rit-

161 2615 348 2663 schelius,
387 2617 498 2654 cuius
535 2617 742 2664 diligentia
781 2621 821 2654 et
857 2617 1013 2666 ingenio
1051 2618 1183 2664 magni
1221 2617 1371 2666 aliquid
1409 2630 1453 2653 ac
1483 2617 1665 2665 praeclari

163 2682 344 2721 effectum
388 2684 439 2720 iri
484 2685 730 2734 sperabatur.
799 2684 877 2722 Sed
916 2684 1134 2722 Godofredi
1173 2685 1389 2722 Hermanni
1433 2684 1662 2733 discipulus,

162 2763 232 2788 suo
270 2764 372 2800 saepe
409 2752 556 2790 iudicio
598 2753 697 2801 plus.
726 2752 906 2790 tribuens
952 2765 1069 2801 quam
1115 2753 1368 2801 antiquorum
1412 2753 1662 2798 testimoniis,

162 2817 255 2856 dum
279 2822 318 2856 et
340 2832 477 2856 versus
502 2823 541 2856 et
565 2820 779 2857 sententias
807 2819 855 2856 ad
881 2833 1074 2856 summum
1098 2821 1269 2858 nitorem
1301 2820 1456 2869 exigere
1487 2822 1662 2866 conatur,
