1926 3275
248 342 326 381 148
853 337 1133 381 Prolegomena.

243 471 393 514 autem,
432 469 477 504 ut
507 466 669 513 fabulae,
711 479 808 516 quas
847 466 974 504 acturi
1011 468 1142 513 erant,
1182 466 1333 516 populo
1371 466 1594 516 placerent,
1628 480 1745 517 quam

243 534 561 585 splendidissimo
592 535 750 571 nomine
781 547 846 571 eas
877 547 1019 571 ornare
1051 533 1247 570 solebant.

356 602 497 651 Itaque
526 603 605 638 viri
633 602 859 638 litterarum
897 601 1083 648 studiosi,
1117 600 1162 639 L.
1194 601 1326 639 AElius
1358 601 1478 649 Stilo,
1510 601 1556 639 L.
1589 602 1744 650 Accius,

243 669 447 708 Volcatius
492 669 713 719 Sedigitus,
761 668 967 716 Claudius,
1013 669 1220 716 Aurelius,
1266 669 1475 716 Manilius,
1529 670 1599 707 alii
1646 670 1747 708 alios

242 737 391 775 indices
423 740 725 788 composuerant
748 736 1024 774 Plautinarum
1053 736 1289 774 fabularum.
1335 736 1381 774 L.
1406 737 1539 775 AElius
1571 738 1746 788 quinque

244 810 282 844 et
312 806 457 856 viginti
486 807 570 843 eius
602 818 686 842 esse
717 804 819 842 solas
851 804 1103 842 existimabat
1137 803 1253 853 (Gell.
1285 805 1312 842 1.
1343 805 1370 842 1.
1403 802 1424 853 ἓ
1459 802 1543 852 12).
1603 806 1746 844 Accius

244 877 283 912 et
314 875 409 911 alias
444 874 589 910 multas
627 872 800 919 fabulas,
841 885 927 922 quae
958 873 1101 910 Plauto
1141 872 1486 920 adscribebantur,
1520 873 1569 910 ab
1600 887 1645 911 eo
1677 874 1745 911 ab·

242 941 445 978 iudicabat
490 943 529 978 et
568 940 781 987 Boeotiam,
829 953 954 990 eaque
1000 941 1131 978 nescio
1177 954 1227 978 an
1271 941 1340 977 illo
1387 944 1548 978 auctore
1593 941 1746 991 Aquilii

244 1022 330 1046 esse
361 1008 588 1056 dicebatur;
620 1008 689 1046 sed
717 1008 773 1046 M.
805 1007 932 1046 Varro
964 1021 1043 1045 non
1075 1008 1304 1056 dubitabat,
1338 1010 1435 1058 quin
1462 1008 1596 1046 Plauti
1627 1011 1744 1055 esset,

244 1076 491 1127 Gelliumque
530 1077 705 1114 studiose
743 1075 1055 1126 adstipulantem
1092 1076 1235 1114 habuit
1278 1074 1316 1124 (ξ
1349 1074 1407 1123 4).
1466 1076 1522 1114 Μ.
1554 1077 1745 1114 Varronis

243 1145 414 1182 maxima
450 1145 491 1182 in
527 1144 601 1181 hac
637 1157 681 1181 re
720 1144 933 1181 auctoritas
971 1144 1066 1191 fuit3
1108 1145 1176 1194 qui
1213 1148 1260 1182 ut
1297 1146 1363 1183 via
1398 1147 1438 1182 et
1467 1145 1622 1182 ratione
1651 1157 1745 1194 pro-

243 1212 420 1260 cederet,
451 1213 623 1262 primum
659 1211 836 1259 „fabulas
873 1224 991 1248 unam
1023 1215 1062 1249 et
1091 1210 1274 1262 viginti“,
1307 1215 1352 1250 ut
1381 1213 1438 1250 ait
1468 1211 1621 1250 Gellius
1653 1209 1674 1259 ξ
1707 1214 1744 1259 3,

249 1295 295 1327 „a
326 1280 466 1318 ceteris
497 1280 733 1328 segregavit,
766 1279 950 1329 quoniam
981 1279 1156 1317 dubiosae
1187 1293 1265 1317 non
1296 1283 1421 1327 erant,
1453 1279 1524 1318 sed
1554 1292 1746 1317 consensu

243 1349 416 1385 omnium
445 1347 579 1385 Plauti
617 1360 701 1384 esse
733 1345 1039 1394 censebantur“;
1072 1347 1214 1385 deinde
1250 1348 1465 1398 „quasdam
1495 1348 1617 1385 etiam
1648 1347 1745 1385 alias

242 1416 429 1466 probavit
458 1415 651 1453 adductus
682 1413 749 1452 filo
781 1417 902 1464 atque
931 1414 1072 1452 facetia
1102 1417 1291 1453 sermonis
1307 1416 1452 1453 Plauto
1480 1415 1743 1465 congruentis,

244 1496 388 1533 easque
430 1484 508 1520 iam
552 1482 778 1520 nominibus
823 1482 991 1519 aliorum
1037 1487 1247 1533 occupatas
1292 1484 1436 1521 Plauto
1480 1480 1743 1520 vindicavit“.

242 1550 390 1588 Earum
428 1564 547 1587 unam
584 1550 774 1587 Boeotiam
807 1549 957 1588 Gellius
996 1552 1193 1599 nominat,
1234 1555 1384 1589 ceteras
1419 1551 1667 1599 ignoramus,
1707 1552 1747 1588 et

245 1620 313 1669 qui
343 1632 391 1656 ex
421 1619 515 1655 solis
545 1618 772 1655 nominibus
802 1618 1026 1655 fabularum
1058 1632 1122 1656 eas
1151 1620 1331 1656 invenire
1362 1621 1526 1656 conatus
1558 1622 1629 1665 est,
1658 1618 1744 1656 Rit-

243 1686 413 1724 schelius
460 1684 639 1734 (Parerg.
677 1686 848 1723 Plautin.
889 1686 1048 1724 Terent.
1088 1700 1127 1737 p.
1161 1688 1212 1724 73
1253 1684 1381 1736 sqq),
1426 1685 1540 1722 nobis
1585 1685 1746 1736 quidem

244 1754 372 1791 oleum
410 1757 450 1792 et
488 1767 649 1803 operam
679 1753 899 1803 perdidisse
928 1755 1099 1792 videtur.
1160 1755 1241 1792 Nec
1272 1767 1390 1804 quam
1419 1756 1572 1791 rectum
1602 1754 1644 1790 in
1672 1753 1746 1791 hac

244 1835 286 1858 re
316 1821 505 1859 Varronis
542 1822 732 1859 iudicium
769 1822 909 1868 fuerit,
957 1835 1029 1859 nos
1074 1822 1252 1859 iudicare
1296 1834 1526 1872 possumus,
1569 1822 1638 1871 qui
1674 1833 1746 1858 nec

244 1889 332 1926 illas
363 1889 516 1926 fabulas
546 1902 618 1926 nec
648 1889 838 1926 Varronis
877 1891 1051 1939 quinque
1091 1890 1214 1927 libros
1246 1889 1516 1936 Quaestionum
1546 1888 1745 1925 Plautina-

244 1970 330 1993 rum
360 1956 561 1994 habemus.
608 1956 714 1993 Illud
740 1960 918 2006 apparet,
948 1957 1125 2006 quamvis
1155 1957 1414 2006 probaverint
1444 1957 1526 1993 eius
1556 1956 1745 1993 iudicium

243 2025 504 2074 posteriores,
551 2027 684 2060 tamen
730 2037 775 2061 eo
821 2024 903 2062 solo
951 2027 1156 2061 contentos
1210 2038 1289 2062 non
1334 2024 1456 2061 fuisse
1501 2024 1565 2061 vel
1609 2024 1744 2073 potius

245 2092 381 2129 eadem
410 2092 602 2128 modestia
631 2104 723 2128 usos
754 2104 855 2137 esse3
896 2105 987 2128 nam
1027 2105 1113 2141 quae
1152 2095 1292 2141 postea
1322 2092 1393 2129 sub
1424 2091 1559 2129 Plauti
1588 2091 1746 2128 nomine

244 2159 473 2196 ferebantur
509 2159 651 2196 fabulae
693 2162 732 2196 et
768 2159 830 2196 vel
869 2172 892 2195 a
929 2159 1116 2196 studiosis
1155 2160 1378 2196 litterarum
1412 2158 1646 2208 legebantur
1682 2158 1746 2196 vel

246 2227 382 2273 etiam,
416 2227 449 2264 si
480 2226 636 2276 quando
667 2229 844 2263 veterem
885 2226 1112 2263 comoediam
1149 2228 1268 2264 mimo
1307 2227 1496 2275 praeferre
1526 2226 1742 2275 placuerat,

246 2296 286 2331 in
319 2307 433 2331 scena
463 2294 700 2343 agebantur,
739 2293 816 2330 illae
849 2298 961 2331 erant
989 2294 1102 2340 XXI,
1137 2307 1233 2344 quas
1267 2294 1410 2341 Varro,
1445 2294 1538 2343 quia
1573 2294 1746 2330 omnium

245 2374 436 2398 consensu
480 2361 764 2410 probarentur,
811 2365 1108 2409 segregaverat,
1164 2374 1295 2411 eaeque
1340 2363 1381 2398 in
1427 2362 1509 2398 eius
1554 2361 1745 2398 honorem

245 2429 566 2466 Varronianae
597 2429 803 2478 appellatae
835 2432 937 2465 sunt.
998 2428 1148 2466 Harum
1181 2442 1321 2479 corpus
1354 2429 1532 2479 quamvis
1561 2428 1745 2465 mutilum

247 2497 295 2534 ad
334 2510 405 2534 nos
443 2497 623 2545 pervenit
660 2496 805 2533 fabulis
837 2496 886 2533 ad
916 2497 1139 2533 litterarum
1176 2497 1355 2534 ordinem
1386 2497 1589 2533 ordinatis.
1650 2495 1745 2532 Fuit

246 2568 377 2600 autem
422 2565 461 2601 in
506 2568 726 2601 ceterorum
772 2565 947 2601 codicum
993 2564 1207 2613 archetypo
1252 2565 1314 2601 hic
1361 2563 1477 2610 ordo,
1519 2576 1634 2613 quem
1671 2576 1744 2601 nos

247 2644 404 2680 quoque
442 2632 483 2667 in
522 2631 675 2668 edendo
714 2644 939 2680 sequemur:
987 2631 1243 2680 AmphitryO,
1285 2632 1486 2678 Asinaria,
1525 2631 1742 2678 Aulularia,

246 2698 478 2745 Bacchides,
512 2698 685 2746 Captivi,
719 2698 920 2745 Curculio,
955 2698 1114 2746 Casina,
1148 2698 1389 2745 Cistellaria,
1423 2698 1623 2748 Epidicus,
1655 2697 1743 2736 Mo-

247 2766 440 2811 stellaria,
473 2765 725 2812 Menaechmi,
758 2766 872 2802 Miles
904 2765 1120 2815 gloriosus,
1152 2765 1362 2812 Mercator,
1395 2765 1626 2812 Pseudolus,
1658 2765 1742 2802 Pee-

247 2833 382 2879 nulus,
415 2832 553 2878 Persa,
588 2833 762 2879 Riuleiis,
796 2832 969 2879 Stichus,
1002 2833 1272 2880 Trinummus,
1305 2833 1588 2879 TruculentUS,
1620 2831 1741 2868 Vidu-

247 2900 357 2937 laria.
418 2899 462 2936 111
499 2899 759 2937 Ambrosiano
803 2901 1078 2949 palimpsestO,
1125 2914 1172 2937 ne
1216 2901 1383 2937 fortuita
1428 2911 1740 2944 commemorem,
