1926 3275
277 282 327 320 41
334 282 359 321 Ο
932 278 1114 313 Asinaria.

278 408 372 445 641.
404 403 581 457 Sequere
610 404 696 455 lacco,
729 407 779 444 ad
803 407 1072 458 Argyrippum
1103 406 1282 445 redeunt.
1309 428 1365 433 —
1397 403 1516 446 Satis
1547 403 1684 456 locuti,
1716 421 1769 446 sc.

278 474 401 513 estis?
431 475 511 513 vid.
544 475 593 513 ad
622 475 764 525 Amph.
801 477 892 513 590.

393 544 484 581 642.
535 539 787 591 „Devorarffl
837 545 892 581 ait
937 543 1088 581 Nonius
1133 557 1171 594 p.
1213 544 1293 581 454
1345 557 1447 590 „non
1492 544 1617 581 solum
1663 544 1770 581 cibus

275 615 458 662 gutture,
491 611 558 649 sed
590 615 629 649 et
658 625 734 649 vox
766 612 926 649 auribus
958 610 1129 662 potest“.
1185 612 1336 649 Praeter
1365 612 1403 649 h.
1434 612 1461 649 1.
1494 612 1609 650 affert
1637 612 1769 649 Aulul.

280 681 378 717 527:
425 679 620 726 „Nimium
658 679 840 716 lubenter
877 679 940 716 edi
979 693 1197 717 sermonem
1228 678 1381 718 tuum“.
1442 680 1499 719 Cf.
1530 680 1635 719 Poen.
1669 681 1769 718 971:

282 761 422 797 „quam
467 748 683 785 orationem
728 747 828 784 hanc
874 762 987 785 aures
1033 748 1185 786 dulcem
1231 746 1463 786 deuorant“.
1532 748 1628 787 Cist.
1671 749 1769 785 549:

283 816 401 863 „inihi
433 815 539 853 cibus
572 820 630 853 est
660 815 765 865 quod
796 814 1014 854 fabulare“.
1060 817 1177 854 Most.
1208 818 1336 854 1046:
1373 821 1555 866 „gustare
1587 829 1658 865 ego
1690 817 1772 853 eius

277 898 494 922 sermonem
519 882 652 922 uolo“.
685 883 766 921 Iam
784 884 984 934 Aristoph.
1004 884 1120 934 Vesp.
1139 885 1239 922 462:
1273 887 1374 934 εἴπερ
1399 885 1525 931 ἔτυχον
1553 887 1626 921 τῶν
1654 886 1772 933 μελῶν

278 956 346 989 τῶν
371 955 579 995 Φιλοκλέους
595 952 815 1001 βεβρωκότες.
847 952 1004 1002 Fragm.
1025 954 1125 991 205:
1150 954 1227 990 Καὶ
1244 955 1322 996 πῶς
1339 954 1410 1003 ἐγὼ
1422 955 1605 990 Σθενέλου
1623 953 1770 1003 φοίγοιμ7

277 1023 318 1057 ἂν
344 1022 499 1071 ῥήματα,
531 1018 719 1067 „Bibere“
749 1021 841 1058 Hor.
868 1020 938 1058 Od.
964 1021 1013 1068 II,
1037 1022 1098 1068 13,
1119 1023 1182 1059 32.
1216 1021 1327 1059 Ovid.
1347 1022 1465 1059 Trist.
1483 1021 1553 1068 ΙΙΙ,
1575 1023 1609 1068 5,
1633 1022 1696 1058 14.
1724 1020 1771 1057 al.

277 1110 331 1114 —
356 1090 448 1127 647.
482 1085 554 1127 tibi
579 1089 719 1126 ultima
743 1089 859 1139 longa
882 1089 1232 1139 pronuntiandum,
1260 1090 1339 1128 vid.
1359 1089 1529 1140 Spengel
1551 1103 1590 1139 p.
1611 1090 1659 1126 55
1687 1101 1771 1138 sqq.

276 1157 476 1194 Inutiliter
508 1157 567 1194 Fl.
604 1155 753 1204 „nunc“
790 1158 973 1195 addebat.
1007 1178 1061 1182 —
1094 1159 1185 1196 648.
1226 1154 1374 1197 Custos
1406 1155 1545 1205 erilis,
1578 1158 1603 1194 i.
1637 1170 1668 1194 e.
1703 1157 1771 1202 eri,

279 1223 401 1264 decus
422 1222 555 1274 popli,
580 1225 683 1263 unde
709 1230 818 1263 ortus
843 1240 895 1263 es.
922 1247 973 1251 -—
999 1223 1038 1264 Τ
1036 1223 1268 1264 llensuztrus
1292 1240 1365 1276 pro
1396 1223 1652 1273 „thesaurus“
1680 1224 1773 1274 legi-

276 1298 342 1331 tur
374 1294 478 1344 apud
509 1293 704 1331 Plautum.
765 1294 929 1331 Romani
968 1298 1011 1332 ut
1048 1297 1089 1331 in
1119 1295 1272 1331 Latinis
1313 1294 1473 1332 vocibus
1512 1307 1591 1331 non
1629 1305 1717 1330 raro
1748 1303 1773 1329 ve

278 1366 366 1399 ante
398 1372 418 1399 3
449 1362 681 1399 omittebant
718 1360 812 1410 (vid.
846 1376 965 1412 supra
996 1363 1045 1400 ad
1078 1361 1195 1410 275),
1235 1364 1293 1400 ita
1327 1365 1368 1400 in
1399 1362 1545 1400 Graecis
1576 1361 1774 1398 interdum

278 1430 486 1477 addebant,
520 1435 563 1467 ut
599 1429 862 1477 „Athamans“
900 1430 1015 1480 Corp.
1048 1431 1168 1468 Insor.
1202 1431 1289 1468 Lat.
1322 1431 1352 1477 I,
1385 1445 1421 1468 n.
1456 1431 1549 1477 760,
1588 1429 1774 1476 „Onensi-

278 1497 386 1535 1nus“
429 1498 609 1536 Monnns.
650 1499 771 1536 Inscr.
810 1499 934 1549 Neap.
970 1501 1090 1537 5809.
1160 1499 1432 1537 Nominativus
1476 1511 1548 1549 pro
1593 1500 1775 1536 vocativo

277 1567 448 1616 ponitur,
481 1570 524 1603 ut
557 1567 659 1604 infra
693 1568 784 1605 657.
820 1569 913 1606 684.
961 1567 1046 1605 Cas.
1084 1568 1175 1605 137.
1224 1568 1317 1605 Cist.
1355 1568 1418 1605 54.
1464 1567 1569 1604 Poen.
1604 1567 1682 1604 363
1716 1580 1773 1616 sq.

277 1635 395 1672 Most.
432 1636 524 1673 305.
566 1634 687 1672 Stich.
722 1637 814 1673 759.
848 1636 896 1673 al.
939 1636 985 1673 cf.
1019 1636 1150 1673 Madv.
1180 1635 1312 1673 Gram.
1347 1637 1425 1674 299
1460 1635 1504 1682 b,
1536 1639 1616 1672 not.
1654 1636 1688 1672 1.
1719 1655 1776 1659 --

280 1704 371 1740 649.
419 1700 600 1741 homimis
646 1707 875 1753 corruptum
928 1717 1010 1741 esse
1063 1705 1215 1741 numeri
1271 1704 1497 1741 ostendunt.
1573 1702 1674 1740 Edd.
1729 1716 1775 1740 ex

279 1771 539 1808 deterioribus
586 1771 695 1809 codd.
744 1770 951 1821 corporis,
998 1786 1140 1822 parum
1187 1774 1269 1809 veri
1315 1773 1511 1809 similiter.
1587 1771 1648 1808 An
1691 1781 1774 1808 mo-

277 1837 404 1877 mim's
444 1840 537 1886 fuit,
581 1844 624 1876 ut
671 1841 821 1877 animus
867 1841 1089 1890 appelletur
1135 1841 1193 1887 id,
1242 1840 1348 1889 quod
1392 1842 1499 1877 intus
1545 1837 1773 1876 moveatur?

278 1928 334 1931 —
367 1909 457 1945 650.
482 1904 630 1956 plane,
664 1909 688 1944 i.
722 1922 754 1945 e.
789 1911 965 1955 omnino,
999 1913 1042 1946 ut
1073 1912 1201 1946 totum
1233 1922 1332 1946 onus
1364 1922 1414 1945 xx
1446 1909 1638 1944 minarum
1671 1907 1776 1944 solus

280 1976 381 2013 00110
429 1980 468 2012 et
507 1976 723 2013 cervicibus
762 1979 987 2014 sustineam.
1050 1977 1157 2013 Infra
1194 1990 1230 2014 v.
1265 1977 1344 2014 656
1384 1976 1543 2013 ridiculi
1582 1989 1699 2012 causa
1735 1976 1775 2011 in

281 2044 398 2080 aliam
443 2043 767 2093 significationem
811 2045 1078 2094 detorquetur.
1151 2045 1374 2082 Cruminam
1422 2044 1573 2094 argenti
1619 2044 1776 2093 plenam

280 2112 379 2149 00110
426 2113 577 2162 portari
623 2112 737 2150 facile
783 2113 1038 2162 intelligitur,
1079 2113 1126 2149 cf.
1159 2112 1274 2163 Epid.
1311 2114 1408 2150 356:
1462 2112 1573 2161 „Ipse
1611 2113 1652 2148 in
1690 2124 1775 2148 meo

279 2180 378 2217 00110
420 2184 511 2217 tuus
549 2184 667 2230 pater
706 2182 921 2218 cruminam
962 2179 1211 2218 collocauit‘ffl
1281 2181 1438 2218 Trucul.
1474 2181 1572 2218 642:
1626 2180 1776 2227 „Homo

281 2249 492 2286 cruminam
524 2249 599 2285 sibi
631 2248 677 2286 de
710 2249 810 2285 00110
843 2248 1055 2287 det1·ahit“.
1088 2249 1195 2287 Pers.
1225 2251 1316 2286 313.
1345 2250 1438 2287 690.
1467 2269 1515 2274 -
1545 2250 1637 2286 653.
1663 2245 1775 2286 baiu-

282 2313 384 2364 labo,
417 2317 570 2354 baiulus
603 2330 680 2364 ero,
715 2331 812 2355 onus
838 2317 1020 2367 portabo.
1068 2318 1214 2355 Locum
1246 2317 1360 2355 affert
1383 2318 1535 2356 Nonius
1568 2330 1605 2367 p.
1631 2318 1697 2354 79.
1720 2336 1776 2340 *-

283 2386 375 2422 654.
413 2382 524 2434 Quid
553 2381 643 2423 6315?
675 2385 761 2422 edd.
788 2385 973 2422 Leonidae
1005 2385 1203 2432 tribuunt,
1238 2386 1348 2423 codd.
1382 2390 1510 2423 totum
1533 2398 1689 2422 versum
1704 2384 1774 2421 Ar-

280 2454 448 2503 gyrippo
482 2455 723 2501 continuant,
759 2454 865 2503 quod
897 2468 963 2491 cur
994 2458 1161 2501 mutem,
1194 2468 1272 2491 non
1303 2454 1431 2492 video.
1464 2474 1520 2478 —-
1551 2449 1776 2490 ermuinam

283 2531 396 2558 erlem
424 2522 690 2569 pres-satzma·
735 2523 787 2558 sic
820 2521 878 2559 Fl.
920 2523 1067 2572 optime
1115 2536 1269 2560 versum
1316 2522 1551 2559 emendavit.
1612 2520 1777 2558 Bothius

282 2588 521 2636 Scaligeruln
560 2593 714 2627 secutus
753 2601 893 2628 (ceram
931 2590 1012 2638 ed.,
1053 2604 1171 2640 quam
1209 2592 1383 2639 genetivi
1422 2590 1588 2628 formam
1625 2589 1666 2625 in
1704 2601 1777 2625 usu

282 2656 400 2693 fuisse
418 2657 641 2695 Priscianus
673 2661 842 2695 testatur
873 2673 911 2708 p.
939 2659 1018 2695 744
1051 2673 1094 2688 Ξ
1127 2660 1206 2696 310
1232 2659 1280 2696 H.
1312 2679 1368 2683 -—
1401 2659 1493 2695 655.
1525 2653 1660 2705 Heme,
1692 2657 1718 2694 i.
1744 2669 1774 2693 e.

284 2724 533 2772 Philaenium,
575 2726 634 2762 eui
673 2722 776 2764 lacem]
815 2727 1028 2764 cruminam
1069 2727 1234 2764 daturus
1272 2740 1324 2764 eS.
1363 2746 1419 2751 —
1457 2735 1575 2764 orare
1605 2734 1774 2772 mecum,

284 2793 308 2829 i.
343 2806 373 2829 e.
414 2806 491 2839 me,
538 2793 733 2842 precando
778 2807 928 2831 mecum
974 2808 1107 2844 agere,
1150 2795 1197 2832 cf.
1240 2796 1332 2832 679.
1378 2794 1518 2831 Bacch.
1552 2794 1646 2831 490.
1682 2793 1773 2829 549.

285 2859 396 2897 Cure.
430 2861 523 2897 432.
572 2860 654 2897 Cas.
692 2862 783 2898 301.
819 2863 911 2898 571.
957 2862 1076 2899 Mero.
1113 2864 1204 2900 521.
1251 2862 1356 2900 Poen.
1392 2862 1484 2900 604.
1538 2861 1646 2899 Pers.
1683 2861 1774 2898 118.

287 2929 379 2964 322.
419 2928 467 2965 al.
507 2948 562 2952 —
601 2930 694 2965 656.
734 2928 980 2966 Iocabundus
1026 2942 1159 2967 servus
1204 2930 1395 2968 vocabulo
1438 2927 1582 2979 plane,
1625 2942 1660 2966 v.
1695 2929 1773 2966 650
