1926 3275
741 273 1022 319 Prolegomena.
1556 281 1637 320 185

129 404 284 451 potest,
326 400 433 451 quod
462 401 600 439 Latini
636 402 739 440 hunc
778 417 935 441 versum
973 404 1161 442 comicum
1191 404 1429 454 quadratum
1460 406 1638 456 appella-

129 472 285 517 verunt,
311 483 348 507 v.
374 468 504 508 Rufin.
529 483 569 520 p.
597 471 705 509 2706
731 484 787 520 sq.
833 471 1096 522 Dipodiarum
1127 472 1264 510 eadem
1293 473 1396 510 ratio
1427 475 1487 510 est
1517 477 1637 523 atque

128 539 172 575 in
209 539 365 576 senario
406 537 620 588 eademque
659 539 840 586 licentia3
888 540 957 577 sed
1003 541 1098 590 quia
1140 543 1235 591 post
1275 543 1461 590 quartum
1497 541 1637 590 pedem

128 606 306 656 legitima
336 606 511 643 diaeresis
535 609 604 653 est,
629 606 692 644 hic
716 621 786 657 pes
809 608 1045 658 plerumque
1071 609 1226 658 integer
1249 611 1401 655 manet3
1434 610 1636 659 septimus,

130 675 224 723 quia
261 674 458 711 catalexin
493 674 710 722 antecedit,
743 676 899 725 integer
929 690 1013 713 esse
1045 676 1175 714 debet.
1237 676 1388 723 Latini,
1421 680 1466 714 ut
1496 678 1637 724 solent,

128 743 172 779 in
209 742 392 780 omnibus
429 741 527 779 locis
565 742 785 792 spondeum
822 743 976 792 ferunt,
1025 748 1145 794 atque
1186 745 1302 782 etiam
1344 745 1473 782 soluta
1513 745 1639 782 altera

128 810 249 858 longa
280 810 479 859 dactylum
510 813 550 847 et
581 814 847 860 anapaestum,
886 813 963 849 nisi
995 813 1101 863 quod
1139 814 1179 850 in
1219 815 1361 863 quarto
1392 813 1513 863 pede,
1546 817 1639 850 ante

131 877 332 924 diaeresin,
386 878 500 914 unice
551 878 749 928 probatur
800 892 916 917 verus
968 881 1142 928 iambus,
1199 894 1438 931 quamquam
1482 881 1640 918 violatae

128 945 228 995 legis
267 945 449 995 exempla,
486 946 744 984 inveniuntur
774 960 810 984 v.
843 961 875 985 c.
907 948 1018 986 Asin.
1054 949 1147 985 549.
1183 950 1276 986 575.
1311 950 1404 986 713.
1465 948 1512 985 In
1550 961 1641 997 sep-

129 1014 227 1051 timo
267 1016 398 1050 autem
437 1026 517 1050 non
555 1014 680 1050 solum
717 1015 940 1065 tribrachys
981 1020 1020 1054 et
1059 1017 1257 1065 spondeus
1302 1030 1383 1054 non
1423 1030 1640 1066 numquam

130 1085 364 1129 occurrunt,
411 1080 481 1118 sed
525 1082 668 1131 saepius
715 1083 834 1120 etiam
880 1083 1078 1132 dactylus,
1125 1087 1170 1121 ut
1201 1085 1311 1122 Asin.
1345 1085 1427 1122 404
1474 1079 1642 1135 „mag!ni

130 1144 314 1200 facelre“.
376 1150 458 1188 440
491 1144 699 1200 ecficelret,
735 1152 814 1188 554
847 1146 1028 1203 infidellis
1059 1147 1213 1203 fuerlis,
1247 1156 1287 1190 et
1319 1156 1563 1203 anapaestus,
1594 1156 1641 1189 ut

130 1218 240 1255 Asin.
273 1218 354 1255 413
392 1218 517 1267 „perii
547 1212 742 1269 ho}spes“.
785 1219 866 1257 420
904 1214 1248 1271 „sup{pedita11·e“.
1296 1219 1642 1268 (Proceleusmati·

133 1299 220 1323 cum
249 1285 371 1323 habet
387 1285 544 1324 Terent.
565 1286 709 1323 Heaut.
730 1284 844 1334 737).
892 1287 1085 1326 Diaeresin
1116 1301 1206 1326 raro
1237 1289 1443 1338 negligunt
1458 1289 1639 1335 Romani,

132 1353 275 1402 saepius
305 1356 461 1390 tantam
492 1355 528 1392 ei
558 1355 640 1392 vim
669 1354 869 1402 tribuunt,
902 1359 958 1402 ut,
993 1357 1107 1406 quasi
1136 1370 1275 1394 versus
1305 1356 1361 1393 ibi
1391 1358 1640 1403 terminetur,

133 1424 171 1458 et
214 1421 368 1459 hiatum
412 1422 544 1459 ferant
590 1426 628 1460 et
673 1426 891 1461 extremam
946 1424 1138 1473 syllabam
1187 1425 1400 1474 ancipitem
1452 1424 1639 1471 habeant,

133 1492 377 1539 quartusque
416 1503 486 1539 pes
525 1504 598 1540 pro
635 1491 765 1528 iambo
802 1491 1054 1541 pyrrhichius
1095 1505 1178 1529 esse
1216 1493 1353 1542 possit.
1414 1491 1489 1530 Est
1518 1493 1643 1542 igitur

131 1570 280 1604 versus,
315 1557 422 1607 quod
453 1558 601 1606 dicunt,
636 1559 896 1608 ἀσυνάρτῃτος;
929 1560 1008 1597 vid.
1041 1560 1150 1597 Asin.
1185 1561 1279 1598 627.
1314 1561 1408 1598 645.
1443 1561 1537 1598 647.

763 1671 1023 1710 Octonarii

132 1760 292 1798 iambici
323 1765 362 1799 et
392 1762 593 1810 trochaici,
627 1776 656 1800 s.
682 1764 906 1800 tetrametri
938 1764 1158 1810 acatalecti,
1192 1762 1297 1813 apud
1321 1762 1480 1801 Graecos
1502 1766 1643 1814 poetas

133 1830 308 1867 scenicos
339 1830 380 1867 in
409 1843 484 1867 usu
514 1843 593 1868 non
624 1830 795 1878 fuerunt,
830 1832 937 1881 apud
966 1831 1132 1868 Latinos
1164 1832 1205 1868 in
1237 1832 1362 1869 scenis
1390 1832 1644 1869 vehementer

134 1899 362 1945 commotis,
402 1899 570 1936 maxime
604 1899 673 1936 ubi
703 1901 934 1949 properatio
967 1903 1005 1937 et
1035 1900 1251 1949 trepidatio
1284 1900 1539 1949 exprimenda
1571 1904 1642 1946 est,

134 1967 230 2004 satis
260 1966 488 2016 frequentes
519 1970 630 2014 sunt,
663 1968 822 2005 iambici
854 1968 1012 2018 quidem
1043 1968 1230 2015 maxime,
1270 1970 1398 2006 rarius
1437 1969 1641 2006 trochaici.

134 2033 248 2081 Quod
278 2035 310 2071 si
342 2035 545 2084 quaeritur,
579 2048 656 2085 quo
688 2036 807 2074 modo
833 2035 919 2073 fieri
942 2037 1132 2086 potuerit,
1159 2039 1204 2074 ut
1226 2036 1407 2084 Romani,
1434 2034 1502 2087 qui
1525 2038 1644 2075 etiam

133 2103 174 2139 in
204 2115 247 2139 re
277 2102 444 2140 metrica
475 2102 631 2141 Graecos
671 2105 783 2154 sequi
820 2104 991 2152 soleant,
1033 2104 1096 2142 hic
1135 2105 1287 2155 aliquid
1316 2108 1531 2152 novarent,
1564 2118 1643 2142 non

132 2173 215 2207 tam
253 2184 400 2208 novum
437 2184 561 2220 genus
598 2172 794 2209 invenisse
830 2172 1021 2210 videntur
1059 2186 1177 2223 quam
1208 2187 1230 2210 a
1261 2173 1407 2211 Graecis
1438 2176 1643 2222 acceptum

134 2237 254 2288 paulo
286 2238 403 2275 aliter
434 2238 700 2289 descripsisse.
762 2241 863 2278 Nam
901 2241 943 2278 in
979 2241 1170 2278 eiusmodi
1200 2241 1295 2278 locis
1327 2241 1454 2279 Graeci
1486 2254 1643 2291 quoque

135 2306 378 2343 continuatis
409 2307 583 2344 numeris
612 2307 848 2355 utebantur,
889 2309 959 2346 sed
996 2310 1153 2358 longam
1190 2310 1412 2347 iamborum
1453 2313 1520 2346 aut
1559 2313 1643 2346 tro-

135 2373 331 2411 chaeorum
376 2374 537 2421 seriem,
585 2376 667 2412 sive
716 2379 905 2424 systema,
955 2376 1133 2414 dimetris
1179 2377 1401 2414 describere
1447 2377 1641 2423 solebant,

135 2440 267 2479 Latini
295 2443 538 2480 tetrametris
570 2443 808 2480 maluerunt.
869 2444 954 2481 Hoc
984 2445 1041 2482 ita
1072 2458 1155 2482 esse
1186 2444 1277 2482 inde
1310 2448 1500 2495 apparet,
1535 2445 1643 2495 quod

135 2508 271 2547 Latini
300 2513 428 2561 poetae
468 2524 553 2548 cum
595 2514 735 2548 octavo
777 2524 932 2561 quoque
972 2512 1072 2562 pede
1110 2525 1244 2549 vocem
1283 2513 1520 2560 terminant,
1554 2526 1642 2550 cum

137 2581 280 2628 quarto
311 2592 392 2616 non
424 2579 538 2626 item,
572 2580 793 2628 saepiusque
826 2581 945 2616 etiam
976 2580 1017 2617 in
1048 2581 1262 2618 octonariis
1294 2594 1410 2630 quam
1440 2581 1481 2618 in
1512 2584 1642 2631 septe-

135 2646 258 2684 nariis
299 2646 474 2684 diaeresis
514 2650 604 2697 post
641 2650 826 2697 quartum
863 2648 1005 2698 pedem
1040 2649 1273 2698 negligitur3
1306 2663 1377 2686 nec
1408 2652 1541 2686 tamen
1571 2663 1643 2687 no-

136 2713 256 2751 luisse
288 2727 352 2751 eos
382 2714 450 2752 illo
481 2715 570 2752 loco
600 2728 757 2753 versum
789 2715 925 2763 dividi,
954 2729 1001 2753 ex
1031 2715 1145 2754 hiatu
1176 2721 1340 2767 apparet
1370 2717 1425 2754 ibi
1458 2730 1640 2754 concesso

140 2778 192 2828 (v.
223 2781 370 2819 Muller
406 2795 444 2832 p.
482 2784 561 2820 610
601 2781 706 2833 sqq.)
756 2784 985 2834 syllabaque
1039 2785 1221 2834 ancipiti3
1278 2783 1455 2832 (brevem
1507 2785 1641 2822 videas

136 2849 278 2899 Amph.
317 2851 408 2887 156.
447 2851 537 2888 192.
575 2852 666 2888 196.
701 2850 814 2899 208).
875 2851 1073 2890 Praeterea
1112 2865 1230 2902 quum
1267 2853 1460 2890 octonarii
1492 2856 1642 2889 cetero—
