1926 3275
243 313 326 352 330
876 310 1112 355 Amphitruo.

241 440 421 489 impensa
458 439 526 476 sed
563 439 722 490 publico
759 442 918 489 sumptu
957 440 1117 476 restitui
1147 437 1366 489 putabas‘?“
1402 460 1457 465 —
1493 441 1613 477 1022.
1645 435 1748 477 ulmi

243 511 334 545 sunt
364 508 497 558 virgae,
531 508 675 556 quibus
706 507 988 556 plectebantur
1018 508 1144 553 servi,
1178 520 1213 544 v,
1246 507 1355 545 Asin.
1390 509 1483 545 338.
1518 509 1610 546 360.
1643 507 1746 544 Rud.

244 576 337 613 636.
369 575 478 612 Pers.
511 577 605 613 279.
638 575 707 620 al.;
741 571 961 613 Acheruns
1001 579 1131 612 autem
1170 575 1276 625 apud
1306 575 1489 612 Plautum
1529 576 1747 613 inferorum

241 644 350 680 locus
390 646 466 690 est,
508 643 598 681 Orci
638 655 822 691 regnum,
864 657 899 680 v.
936 644 1057 681 1094.
1105 643 1218 693 Capt.
1254 644 1346 680 082.
1389 644 1482 680 991.
1530 643 1616 681 Cas.
1651 644 1745 681 425.

241 711 358 748 Most.
385 712 479 748 490.
512 711 616 748 Poen.
646 712 738 747 341.
772 710 881 748 Trin.
909 711 1002 748 494.
1060 708 1275 750 Ulmorum
1299 707 1520 749 Acheruns·
1544 714 1601 748 est
1624 712 1745 757 locus,

241 778 309 815 ubi
349 778 443 815 ulmi
484 779 630 816 mortui
662 781 752 815 sunt
782 779 846 815 vel
878 780 1118 833 moriuntur,
1151 778 1400 827 significatur
1431 783 1560 816 autem
1592 783 1747 827 tergum

241 847 356 893 servi,
382 847 422 883 in
447 860 524 896 quo
556 846 801 883 verberando
825 847 946 894 virgae
975 846 1230 884 conficientur
1253 850 1292 884 et
1319 846 1526 896 peribunt,
1560 848 1606 884 cf.
1632 847 1745 897 Capt.

243 915 343 952 643:
389 914 493 961 „Vae
531 914 609 951 illis
648 915 770 964 virgis
809 915 981 961 miseris,
1024 928 1123 964 quae
1161 915 1277 952 hodie
1308 916 1350 952 in
1381 919 1493 964 tergo
1525 915 1747 952 morientur

240 980 367 1019 meo‘⁴.
393 1002 448 1006 —
475 984 596 1020 1023.
627 978 781 1030 faciam
810 981 1041 1033 fcrzccntem
1071 980 1230 1033 slctyris,
1264 986 1320 1020 ita
1346 982 1480 1032 flagris
1509 983 1677 1030 caldum,
1703 987 1747 1020 ut

239 1049 404 1087 ferveat.
437 1070 493 1074 —
529 1051 635 1088 1024
668 1065 725 1100 sq.
759 1051 833 1097 Qui
865 1050 1022 1100 prodigi
1054 1053 1094 1088 in
1127 1051 1398 1088 adulescentia
1428 1051 1606 1097 fuerunt,
1640 1065 1746 1088 men-

241 1118 372 1155 dicare
402 1119 442 1154 in
475 1122 674 1156 senectute
706 1119 844 1155 solent.
892 1119 1018 1167 Vulgo
1051 1120 1195 1156 dicitur
1231 1119 1400 1165 „malum
1426 1119 1502 1155 sibi
1529 1117 1745 1168 quaerere“,

240 1185 302 1222 hic
340 1186 496 1222 scurrili
534 1188 839 1236 exaggeratione
879 1185 1115 1224 mendicare
1154 1187 1311 1225 dicitur.
1344 1207 1400 1210 —
1443 1182 1660 1235 Quidum?
1698 1187 1744 1223 cf.

240 1253 358 1291 Most.
397 1255 516 1291 1089.
549 1255 634 1291 Mil.
670 1256 763 1292 327.
796 1255 937 1292 Pseud.
973 1256 1065 1292 336.
1102 1257 1194 1292 338.
1232 1275 1279 1279 —
1313 1255 1476 1292 &enecta
1511 1255 1663 1302 aetate,
1698 1255 1743 1292 cf.

239 1322 330 1358 Aul.
349 1323 444 1359 247.
478 1321 562 1359 Cas.
586 1324 680 1360 220.
715 1324 808 1360 237.
843 1323 949 1360 Trin.
978 1324 1043 1360 43.
1091 1323 1224 1360 Etiam
1250 1323 1458 1360 Sallustius
1484 1323 1549 1360 Fr.
1575 1325 1649 1360 inc.
1679 1325 1744 1360 80.

240 1390 355 1427 Lucr.
373 1390 419 1435 V,
440 1391 532 1428 886.
561 1391 660 1437 8963
699 1394 882 1436 ..senecta
912 1389 1109 1428 membra⁶⁶
1145 1391 1303 1429 Lucret.
1336 1391 1406 1438 III,
1441 1392 1534 1428 772.
1581 1391 1744 1428 Partici-

239 1459 349 1506 pium
381 1471 464 1494 esse
497 1457 611 1495 docet
642 1458 829 1496 Priscian.
862 1459 938 1505 XI,
973 1460 1023 1496 27
1058 1463 1157 1496 extr.
1220 1459 1418 1496 Dicebant
1454 1463 1586 1496 tamen
1624 1460 1744 1496 etiam

244 1529 401 1572 „aetate
424 1525 625 1573 iuuenta‘⁵,
652 1520 908 1576 Coissl).111scl·.
935 1527 1023 1564 Lat.
1049 1541 1085 1565 n.
1117 1528 1236 1564 1202.
1263 1547 1316 1551 —
1339 1526 1435 1564 Post
1459 1527 1591 1565 (ιθΐαΐρ
1615 1527 1746 1564 hiatus

239 1594 279 1630 in
311 1594 485 1641 diaeresi;
526 1594 587 1631 Fl.
625 1596 688 1641 „in
721 1593 873 1632 aetate⁴²
911 1595 1127 1641 scribebat,
1160 1595 1306 1632 Miiller
1343 1609 1387 1641 „a
1422 1608 1481 1632 me
1512 1593 1656 1632 nunc‘².
1689 1615 1745 1619 -

244 1663 362 1699 1027.
397 1658 471 1698 fibi
508 1662 647 1699 ultima
689 1663 883 1712 producta
928 1664 1160 1711 legendum,
1208 1663 1268 1700 Fl.
1313 1677 1440 1709 „nunc
1478 1662 1590 1709 tibi“,
1639 1663 1744 1712 quod

239 1743 311 1780 per
354 1730 546 1767 incuriam
592 1731 709 1767 etiam
754 1732 793 1767 iu
840 1735 1015 1768 nostram
1055 1731 1270 1768 editionem
1311 1732 1548 1769 translatum
1588 1735 1656 1768 est.
1689 1752 1745 1756 —

238 1798 458 1835 Mercurius
497 1812 536 1836 se
579 1812 665 1835 eum
701 1795 932 1846 infortunio
965 1801 1147 1837 mactare
1179 1799 1292 1845 dicit,
1327 1800 1351 1837 i.
1385 1813 1417 1836 e.
1450 1799 1553 1836 nihil
1585 1802 1744 1836 omnino

240 1879 397 1912 curare,
432 1867 478 1903 cf.
511 1867 651 1904 Bacch.
688 1869 784 1904 5300:
838 1867 902 1913 ..Si
941 1881 1007 1905 ero
1048 1868 1327 1917 reprehensUS,
1368 1871 1495 1904 macto
1528 1879 1599 1915 ego
1633 1867 1743 1904 illum

239 1932 497 1972 infortunio“.
561 1933 671 1971 Cure.
710 1936 807 1971 53οῑ
861 1935 972 1981 „Non
1020 1936 1158 1985 edepol
1204 1949 1305 1972 nunc
1354 1949 1424 1984 ego
1471 1939 1510 1972 te
1556 1935 1743 1972 mediocri

239 2005 366 2038 macto
391 1999 647 2039 infortunio‘².
695 2002 801 2039 Poen.
823 2004 921 2039 520:
953 2003 1139 2048 „divitem
1165 2004 1350 2040 audacter
1376 2003 1546 2040 solemus
1571 2007 1743 2039 mactare

240 2068 497 2106 infortunio“.
545 2069 653 2107 Trin.
675 2072 774 2107 993:
815 2070 921 2119 „Ego
953 2070 1001 2107 ob
1032 2071 1132 2107 hanc
1166 2084 1325 2120 operam
1358 2075 1564 2118 argentum
1591 2072 1742 2120 accepi,

239 2140 278 2173 tc
309 2141 436 2174 macto
468 2137 724 2175 infortunio&
786 2138 862 2175 Sed
902 2139 1043 2175 vernili
1084 2139 1322 2175 scurrilitate
1360 2138 1433 2174 hoc
1472 2141 1642 2188 primum
1674 2151 1744 2187 per

240 2205 451 2254 imaginem
494 2209 612 2255 atque
654 2205 753 2243 adeo
786 2220 858 2256 per
889 2208 1054 2256 {enigma
1084 2208 1329 2256 pronuntiat.
1391 2207 1491 2243 Nam
1523 2220 1642 2255 quum
1675 2220 1742 2243 an-

238 2273 342 2321 tiqui
374 2286 451 2310 non
482 2273 606 2310 solum
640 2273 789 2311 hostias
820 2279 993 2312 mactare
1026 2274 1221 2321 dicerent,
1256 2275 1324 2311 sed
1355 2275 1472 2311 etiam
1504 2274 1609 2312 Deos
1640 2288 1742 2311 mac--

239 2342 325 2377 tare
369 2340 587 2378 honoribus
633 2346 699 2379 aut
738 2342 939 2380 sacrificiis
980 2340 1134 2390 (Cicero
1175 2343 1315 2379 saltem
1354 2343 1394 2379 in
1424 2343 1555 2380 Vatin.
1591 2344 1633 2389 6,
1671 2343 1740 2379 14:

245 2422 386 2458 „quum
425 2423 637 2458 puerorum
677 2413 778 2447 extis
816 2410 908 2447 deos
947 2424 1080 2447 manes
1111 2414 1287 2448 mactare
1320 2409 1489 2457 soleas“)
1521 2410 1592 2447 hac
1624 2411 1742 2458 signi—

239 2476 423 2514 ficatione
463 2482 622 2527 arrepta
661 2478 759 2515 dicit
793 2492 833 2515 se
866 2492 950 2515 eum
984 2479 1104 2515 sacris
1134 2482 1399 2516 mactaturum
1434 2478 1497 2515 vel
1529 2479 1563 2514 ei
1594 2476 1741 2515 sacrifi-

240 2548 431 2581 caturum.
463 2565 518 2569 -—
555 2542 665 2594 Qui?
696 2548 720 2583 i.
754 2562 783 2584 e.
819 2545 1046 2596 quomodo?

354 2612 448 2649 Post
476 2613 579 2650 hunc·
611 2627 766 2651 versum
796 2615 836 2650 in
867 2614 1000 2651 codice
1028 2617 1254 2652 nostrorum
1280 2615 1492 2663 archetypo
1517 2613 1610 2650 folia
1637 2625 1740 2662 quae-

240 2678 329 2715 dam
366 2680 606 2717 exciderant.
668 2681 769 2718 Huic
807 2682 977 2719 defectui
1017 2696 1243 2719 succurrere
1284 2685 1446 2719 conatus
1484 2682 1544 2717 vir
1583 2679 1742 2730 quidam

241 2746 378 2783 doctus
425 2748 555 2784 steculi
593 2748 665 2784 XV
705 2751 903 2795 exeuntis,
952 2750 1190 2787 Hermolaus
1230 2750 1446 2796 Barbarus,
1494 2752 1537 2786 ut
1583 2747 1741 2784 videtur

243 2811 536 2860 (v.110ff1na11n‚
563 2815 610 2851 de
633 2816 825 2853 Plautinae
842 2817 1145 2866 Amphitruonis
1178 2818 1392 2867 exemplari
1425 2820 1462 2854 et
1496 2816 1738 2863 fragmentis,

240 2895 279 2930 p.
314 2883 363 2919 24
398 2895 454 2930 sq.
488 2882 635 2919 Ritsch.
670 2883 812 2932 Opusc.
845 2884 894 2930 II,
927 2897 964 2933 p.
1000 2882 1084 2931 48),
1119 2898 1254 2922 scenas
1287 2885 1476 2934 quasdam
1509 2883 1738 2934 composuit,

241 2962 328 2998 quae
358 2950 399 2986 in
431 2950 606 2987 editione
623 2950 771 2988 Veneta
790 2951 958 2988 scutarii
991 2966 1024 2988 a.
1054 2953 1158 2989 1495
1192 2952 1459 3002 proferuntur.
1507 2952 1587 2989 Has
1619 2963 1739 3000 quum
