1926 3275
261 303 341 342 382
920 295 1102 331 Asinaria.

258 441 422 478 prorsus
452 426 685 473 inauditam,
718 428 877 473 tergum
906 424 1123 462 masculino
1153 436 1296 473 genere
1327 422 1485 470 dixisse,
1519 426 1636 470 errat,
1673 436 1763 460 nam

259 495 467 533 familiaris
498 498 557 531 est
581 494 697 531 huius
720 493 878 530 familiae
903 505 1051 540 servus,
1078 505 1301 539 conservuS,
1326 491 1405 528 vid.
1431 491 1481 529 ad
1496 491 1639 541 Amph.
1668 492 1761 529 127.

260 563 301 602 Si
332 577 426 601 vera
456 564 507 600 sit
539 562 716 600 codicum
747 561 943 611 scriptura
971 556 1194 608 familiare,
1220 560 1462 609 interpreter
1486 559 1761 606 domesticum,

258 646 400 679 meum,
433 632 653 681 proprium.
704 629 841 667 Solent
866 628 1034 666 Romani
1064 628 1120 666 sic
1151 627 1286 678 copias
1318 640 1409 665 suas
1440 626 1617 674 laudare,
1649 630 1695 664 ut
1725 639 1766 663 se

261 700 366 737 domi
398 698 550 748 aliquid
580 697 727 735 habere
767 696 902 734 dicant
939 709 1011 733 nec
1050 709 1149 746 opus
1188 709 1292 743 esse,
1331 699 1377 732 ut
1414 695 1510 732 foris
1550 698 1762 744 quaeratur,

259 769 305 805 cf.
341 767 417 805 Cic.
450 767 561 804 Verr.
595 765 672 813 III,
708 767 779 812 90,
814 765 914 802 210:
961 764 1074 811 „Non
1106 763 1438 814 circumspiciam,
1479 775 1557 800 non
1589 775 1764 813 quaeram

259 833 394 873 foris“.
442 834 494 872 ib.
530 835 595 881 91,
631 835 723 870 212.
765 833 896 870 Plaut.
921 832 1062 870 Bacch.
1093 832 1194 869 644:
1232 831 1310 879 „Ut
1341 831 1456 868 domo
1487 834 1659 868 sumeret
1688 844 1765 867 neu

258 905 354 942 foris
394 900 640 954 quaere1·et“.
702 901 786 938 Mil.
825 901 902 938 192
936 914 993 950 sq.
1037 901 1130 937 638.
1175 900 1276 937 349:
1327 899 1454 946 „Nam
1493 911 1564 947 ego
1605 898 1765 948 quidem

259 985 366 1009 meos
400 971 534 1008 oculos
565 969 710 1016 habeo,
742 983 813 1006 nec
843 981 941 1017 rogo
971 967 1143 1005 utendos
1174 966 1310 1005 foris“.
1371 966 1487 1005 Unde
1519 967 1637 1003 etiam
1667 965 1705 1002 h.
1737 965 1763 1001 1.

264 1037 381 1086 „nec“
424 1051 497 1088 pro
537 1048 588 1075 726
633 1037 883 1075 scribendum
932 1036 1115 1073 censebat
1154 1035 1306 1083 Gertz.,
1348 1035 1418 1072 sed
1457 1034 1503 1072 cf.
1536 1034 1625 1071 Aul.
1662 1035 1761 1071 351:

266 1108 389 1155 „Sunt
420 1108 543 1154 igitur
573 1106 701 1153 ligna,
744 1118 792 1141 ne
833 1117 1000 1154 quaeras
1039 1102 1177 1141 foris“.
1240 1103 1334 1140 Cist.
1369 1104 1469 1140 201:
1518 1102 1654 1149 „Hanc
1693 1115 1764 1151 ego

261 1176 308 1212 de
339 1188 400 1211 me
433 1175 698 1210 coniecturam
731 1172 839 1210 domi
869 1172 982 1219 facio,
1015 1186 1064 1209 ne
1088 1172 1185 1209 foris
1211 1169 1438 1221 quaeram“.
1468 1191 1519 1195 ——-
1550 1171 1642 1208 318.
1668 1170 1764 1207 Ver-

261 1257 344 1280 sum
385 1242 499 1279 affert
539 1241 690 1278 Nonius
728 1254 765 1290 p.
804 1242 881 1278 109
922 1254 1007 1278 cum
1047 1239 1158 1277 codd.
1199 1251 1433 1288 congruens,
1494 1239 1591 1276 Post
1637 1235 1767 1276 animi

259 1312 393 1348 hiatus
424 1311 464 1346 in
496 1322 656 1346 caesura.
703 1308 817 1345 Both.
845 1308 904 1345 Fl.
930 1312 1101 1358 transp.:
1139 1307 1204 1354 „Si
1233 1308 1359 1344 istanc
1391 1307 1510 1344 animi
1541 1304 1683 1343 firm.“.
1710 1325 1766 1330 —-

261 1380 354 1416 319.
394 1374 503 1426 Quin
534 1374 571 1414 si
605 1377 717 1425 tergm
751 1386 816 1414 res
847 1373 1107 1422 solvendast,
1148 1375 1207 1412 ed.
1241 1388 1321 1424 pr„
1356 1375 1402 1412 cf.
1437 1375 1530 1411 217.
1586 1371 1759 1420 „Immo“

259 1446 390 1495 inquit
436 1448 502 1492 „ut
542 1445 742 1493 intelligas
789 1457 849 1480 me
894 1443 1060 1480 verbera
1101 1446 1371 1489 contemnere,
1413 1443 1464 1489 si,
1504 1427 1765 1492 posteaquam

259 1514 408 1551 facinus
441 1513 603 1561 aliquod
640 1513 790 1559 fecero,
824 1515 939 1560 tergo
973 1511 1273 1561 dependendum
1312 1514 1352 1548 et
1383 1522 1548 1560 corpore
1578 1509 1762 1547 luendum

261 1585 330 1629 est,
364 1581 424 1618 vel
455 1580 653 1630 publicam
678 1580 885 1630 pecuniam
910 1592 1051 1629 rapere
1076 1577 1215 1628 cupio“
1247 1576 1435 1626 (Lamb.).
1467 1598 1524 1603 ——
1559 1578 1651 1615 321.
1684 1574 1767 1615 ἰδία

260 1652 301 1686 in
340 1649 424 1686 cod.
458 1648 489 1684 B
527 1652 663 1697 postea
703 1647 883 1684 additum
922 1650 993 1684 est.
1061 1647 1220 1693 „Virtus
1260 1644 1342 1683 est“
1392 1647 1523 1695 inquit
1569 1646 1625 1692 „si
1665 1646 1763 1694 quiS,

261 1717 419 1766 quando
466 1729 563 1765 opus
610 1719 688 1762 est,
728 1716 874 1752 malum
913 1715 1073 1751 fortiter
1109 1712 1228 1751 fert“.
1289 1714 1516 1752 Pronomen
1554 1713 1765 1750 relativum

260 1785 426 1822 solutius
459 1784 633 1830 additur,
665 1796 739 1833 pro
776 1784 831 1829 „si
864 1781 992 1832 quis“,
1025 1783 1072 1819 cf.
1099 1782 1205 1819 Men.
1232 1783 1331 1819 946:
1371 1781 1631 1831 „Spectamen
1661 1781 1764 1818 bono

261 1866 374 1889 seruo
408 1852 447 1888 id
480 1856 549 1898 est,
584 1851 650 1900 qui
682 1865 765 1888 rem
797 1851 931 1887 erilem
960 1848 1190 1900 procurat“.
1239 1849 1359 1887 Stich.
1390 1851 1487 1886 121:
1525 1849 1626 1896 „Ubi
1656 1849 1764 1886 facil-

260 1920 362 1956 lume
394 1922 595 1968 spectatur
626 1919 790 1964 mulier,
825 1931 925 1967 quae
964 1918 1163 1967 ingeniost
1199 1916 1332 1954 bono?
1393 1917 1475 1954 PH.
1525 1917 1625 1963 Quoi
1664 1916 1766 1953 male

260 1987 473 2024 faciundist
503 1990 700 2036 potestas,
742 1999 844 2035 quae
882 1999 931 2022 ne
971 1985 1011 2023 id
1050 1985 1172 2022 faciat
1202 1983 1437 2034 temperat‘st
1500 1985 1589 2022 Ter.
1621 1985 1763 2021 Heaut.

264 2057 362 2092 205:
409 2057 643 2104 „parentum
675 2055 842 2091 iniuriae
873 2053 989 2090 unius
1019 2053 1126 2090 modi
1159 2056 1250 2089 sunt
1279 2053 1422 2099 ferme,
1454 2053 1575 2102 paulo
1608 2053 1675 2101 qui
1707 2055 1766 2089 est

261 2123 375 2159 homo
405 2120 669 2158 tolerabilis“.
717 2121 775 2158 De
800 2121 935 2157 ordine
960 2120 1171 2157 verborum
1195 2119 1275 2157 vid.
1304 2120 1352 2156 ad
1378 2121 1471 2157 230.
1498 2141 1552 2144 —
1579 2121 1765 2168 322.J)0-

262 2187 362 2226 sitm·
393 2203 463 2225 em.
491 2189 644 2236 Lamh,
672 2189 775 2238 quod
801 2188 966 2225 verbum
995 2188 1101 2238 apud
1133 2189 1317 2238 antiquos
1349 2192 1389 2224 et
1419 2188 1549 2224 tertiae
1581 2188 1765 2237 coniuga-

260 2257 381 2294 tionis
421 2270 505 2293 esse
546 2260 585 2293 et
624 2270 709 2293 cum
749 2257 971 2294 accusativo
1010 2257 1123 2305 iungi
1160 2269 1278 2305 posse
1319 2259 1492 2302 constat,
1532 2258 1577 2292 ut
1607 2255 1763 2292 Terent.

261 2324 334 2360 Ad.
365 2325 465 2361 8712
506 2324 660 2373 „patria
690 2325 846 2372 potitur
878 2322 1121 2361 commoda“.
1168 2323 1398 2371 Elegantias
1431 2337 1478 2360 ex
1508 2322 1766 2360 similitudine

262 2395 300 2427 et
332 2394 583 2441 oppositione
614 2391 822 2428 verborum
860 2390 1058 2440 „potitur“
1095 2395 1134 2428 et
1169 2389 1368 2442 „patitur“
1404 2394 1563 2441 poetam
1588 2394 1765 2428 secutum

263 2473 343 2495 osse
377 2460 490 2495 facile
524 2463 701 2509 apparet.
756 2459 945 2496 Similiter
970 2459 1175 2508 Apuleius,
1207 2459 1375 2508 Apolog.
1405 2461 1449 2495 9:
1487 2459 1637 2505 „Hasce
1669 2458 1766 2496 duas

261 2526 454 2573 flammas,
497 2527 586 2563 dnm
625 2528 776 2576 potiar,
816 2525 988 2576 patia1¹“.
1021 2547 1078 2552 —
1117 2527 1210 2564 323.
1242 2527 1387 2564 Versus
1430 2539 1578 2563 caesura
1609 2539 1765 2573 carens;

262 2593 406 2629 Maller
438 2595 535 2630 coni.
575 2594 699 2641 „Quin
733 2595 916 2631 edisseris
948 2608 1030 2631 rem
1057 2593 1262 2632 actutum?
1295 2595 1410 2645 cupio
1435 2608 1496 2631 me
1521 2592 1760 2631 nanciscier“

262 2664 418 2697 mum-e.
452 2682 508 2685 -ν
541 2662 633 2698 324.
673 2662 872 2711 „quidque
905 2660 1110 2710 derogita“
1146 2662 1205 2699 ed.
1238 2675 1298 2712 pr.
1362 2662 1578 2711 „quidquid
1609 2659 1760 2711 rogita“

263 2727 391 2774 Both„
425 2732 542 2765 reete.
606 2739 733 2766 meum
765 2727 978 2779 deqm'd,
1010 2730 1035 2765 i.
1063 2742 1094 2766 e.
1128 2743 1247 2767 unum
1280 2730 1467 2780 quidque,
1491 2729 1571 2766 vid.
1589 2728 1764 2778 Madvig.

263 2794 312 2830 ad
344 2794 421 2831 (fic.
456 2794 542 2831 Fin.
576 2795 629 2841 V,
665 2797 708 2841 Ο,
744 2797 808 2832 24.
870 2796 989 2845 Apud
1020 2796 1203 2834 Plautum
1239 2801 1347 2834 extat
1379 2800 1496 2835 etiam
1527 2797 1635 2834 Trin.
1671 2797 1764 2833 881.

264 2862 310 2897 cf.
328 2861 418 2898 Aul.
443 2863 540 2898 1032
581 2862 667 2909 „ubi
696 2861 930 2912 quidquid“.
973 2863 1092 2901 Most.
1114 2865 1216 2901 819:
1247 2869 1313 2911 „ut
1338 2862 1572 2914 quidquid“.
1606 2864 1763 2901 Terent.
