1926 3275
773 316 816 351 V.
840 317 1033 353 287—303.
1574 322 1655 361 379

156 440 386 495 Uirya‘rum
417 441 603 492 lasciuia,
641 445 706 492 „in
736 445 846 484 cuius
877 450 992 496 tergo
1024 446 1209 483 lascivire
1236 449 1274 484 et
1301 447 1501 484 exsultare
1528 448 1655 486 solent

147 511 309 563 virgae“,
350 514 406 550 ait
435 512 573 550 Lamb.
612 532 670 538 —
709 514 804 550 297.
837 510 906 551 ted
940 527 1014 564 pro
1055 513 1093 551 te
1130 515 1291 564 scripsit
1329 514 1577 553 Camerarius
1616 517 1656 553 in

147 581 225 619 hoc
265 584 306 618 et
345 582 528 630 proximo
575 594 705 618 versu.
766 581 890 618 Extat
935 581 1005 618 illa
1042 582 1171 619 forma
1208 583 1249 619 in
1288 582 1372 620 cod.
1414 596 1535 632 supra
1577 585 1653 621 162

145 649 252 686 infra
285 650 379 687 532.
414 650 506 696 765,
538 653 584 687 ut
612 646 709 687 med
737 662 859 699 supra
891 651 956 686 20.
989 650 1094 686 infra
1122 651 1215 687 625.
1249 650 1388 687 Bacch.
1417 652 1510 688 353.
1540 651 1653 689 Cure.

150 718 244 754 594.
283 716 357 767 Ep.
393 718 486 755 620.
526 717 631 754 Men.
665 718 760 755 707.
800 716 922 754 Stich.
957 718 1050 754 751.
1084 718 1133 754 al.
1194 717 1342 755 Miiller
1372 719 1494 756 verba
1525 723 1655 768 trans-

146 797 294 834 ponere
324 785 497 822 malebat
529 782 613 831 (.„t-e
645 798 781 822 censes
813 783 955 832 esse“).
985 805 1034 809 —
1060 784 1216 822 Novum
1242 785 1460 824 ludibrium
1478 787 1656 825 Leonida

147 853 388 902 excogitavit
426 856 464 890 et
502 855 632 902 ipsum
672 866 694 889 a
732 853 864 890 servili
904 867 1020 903 poena
1060 854 1242 903 petitum.
1304 854 1404 891 Nam
1444 858 1547 893 servi
1587 856 1657 893 ubi

147 922 270 970 virgis
317 924 384 957 aut
429 921 525 958 loris
565 920 802 958 verberandi
841 924 972 968 erant,
1014 924 1083 958 aut
1123 921 1173 957 ad
1213 922 1432 959 columnam
1470 924 1655 972 palumve

147 988 499 1038 adstringebantur
545 985 702 1035 (Bacch.
745 986 868 1035 816),
919 991 987 1025 aut
1033 989 1214 1026 manibus
1259 990 1402 1027 vinctis
1450 990 1497 1027 de
1543 991 1655 1028 trabe

146 1056 509 1106 suspendebantur,
556 1056 636 1093 vid.
683 1056 787 1093 infra
829 1058 922 1093 557.
972 1058 1065 1094 610.
1112 1057 1257 1106 Amph.
1292 1058 1386 1094 276.
1433 1058 1524 1094 Aul.
1560 1060 1653 1095 633.

147 1123 275 1161 Casin.
318 1125 413 1161 914.
474 1124 594 1161 Most.
639 1125 759 1162 1148.
819 1123 925 1161 Men.
961 1125 1056 1161 931.
1116 1124 1222 1161 Poen.
1261 1126 1352 1161 148.
1415 1125 1523 1162 Trin.
1559 1128 1653 1163 247.

146 1192 306 1229 Trucul.
341 1192 435 1229 764.
483 1192 573 1229 Ter.
605 1191 706 1229 Eun.
744 1193 864 1230 1021.
912 1192 1070 1229 Phorm.
1106 1194 1199 1230 220.
1262 1193 1360 1229 Tum
1394 1206 1487 1230 vero
1521 1195 1653 1240 etiam,

146 1273 194 1296 ne
239 1262 345 1298 inter
388 1260 657 1309 vapulandum
707 1260 964 1297 calcitrarent
1008 1273 1107 1297 neve
1152 1261 1321 1310 pedibus
1369 1265 1437 1299 aut
1483 1262 1656 1299 calcibus

147 1340 230 1375 eos,
285 1342 307 1365 a
361 1329 505 1378 quibus
559 1328 892 1374 verberabantur,
947 1331 1149 1378 peterent,
1206 1329 1256 1366 ad
1308 1330 1431 1379 pedes
1476 1331 1657 1379 pondera

146 1396 434 1444 alligabantur,
469 1401 507 1434 et
538 1397 696 1446 quidem
735 1396 945 1433 admodum
983 1398 1138 1446 gravia,
1180 1398 1213 1434 si
1245 1398 1405 1446 quidem
1436 1398 1473 1435 h.
1507 1398 1531 1435 1.
1567 1408 1655 1436 cen-

146 1462 434 1513 z‘umpondium
475 1468 824 1511 commemoratur,
874 1462 998 1512 (extat
1045 1464 1182 1502 eadem
1213 1479 1291 1502 vox
1323 1466 1408 1503 Cat.
1442 1465 1486 1503 R.
1522 1466 1567 1502 R.
1606 1467 1652 1503 13

147 1530 280 1580 extu).
329 1533 414 1579 Quo
440 1533 547 1570 facto
573 1533 791 1570 immobiles
815 1533 1055 1582 pendebant.
1103 1532 1213 1570 Hanc
1244 1534 1456 1583 pendentis
1482 1534 1655 1571 hominis

146 1601 466 1638 immobilitatem
499 1615 634 1638 servus
667 1615 753 1639 cum
784 1601 894 1638 librae
931 1602 1064 1650 quiete
1104 1606 1326 1651 comparat,
1369 1615 1454 1651 quae
1487 1601 1656 1639 efficitur

147 1668 323 1720 perfecto
351 1670 558 1719 utriusque
583 1670 707 1707 lancis
733 1670 967 1719 aequilibrio,
995 1683 1195 1719 quumque
1220 1683 1337 1706 causa
1361 1670 1653 1707 immobilitatis

146 1738 500 1788 centumpoudium
542 1738 611 1784 sit,
653 1739 768 1787 quasi
808 1737 1019 1787 aequilibrii
1061 1751 1179 1774 causa
1218 1738 1288 1784 sit,
1329 1739 1458 1787 ipsum
1498 1752 1654 1788 quoque

147 1810 306 1843 centum
338 1805 472 1855 pondo
503 1805 678 1856 pendere
711 1806 818 1843 dicit.
869 1805 917 1843 Se
949 1805 1022 1842 hoc
1054 1807 1154 1843 scire
1186 1807 1257 1852 ait,
1293 1807 1386 1855 quia
1418 1807 1502 1855 ipse
1533 1807 1654 1856 impe-

148 1878 264 1911 rante
306 1874 466 1911 domino
507 1888 595 1911 eum
634 1874 906 1924 suspenderit,
948 1875 1029 1920 vel,
1069 1887 1118 1910 ne
1158 1888 1180 1910 a
1220 1874 1482 1911 similitudine
1523 1874 1653 1920 abeat,

147 1942 365 1979 libraverit.
414 1942 498 1979 Hoc
529 1943 632 1979 enim
665 1946 724 1980 est
757 1939 948 1991 expendi,
982 1942 1029 1979 cf.
1056 1941 1196 1979 Bacch.
1226 1943 1325 1979 636:
1364 1942 1498 1988 „Hunc
1530 1942 1654 1979 homi-

148 2024 237 2047 nem
269 2010 381 2047 decet
414 2023 509 2047 auro
541 2009 753 2061 expendi“.
815 2010 916 2047 Rud.
956 2011 1082 2048 1087:
1128 2010 1302 2055 „Aurum
1335 2023 1430 2047 auro
1463 2010 1655 2060 expende-

147 2082 232 2125 tur,
273 2082 480 2128 argentum
513 2083 676 2127 argento
709 2076 1038 2128 exaequabitur“.
1102 2077 1180 2115 Sed
1218 2078 1293 2115 hoc
1330 2078 1487 2128 pondus
1534 2079 1656 2128 ipsius

149 2160 233 2185 esse
265 2147 361 2184 dicit
392 2147 456 2184 vel
483 2160 564 2184 non
594 2160 769 2197 appenso
803 2146 1124 2196 centumpondio,
1158 2160 1247 2183 nam
1280 2147 1399 2183 etiam
1431 2147 1508 2183 alio
1541 2146 1656 2183 modo

149 2216 253 2252 servi
290 2228 413 2265 poenae
453 2228 573 2252 causa
611 2214 958 2265 suspendebantur
994 2215 1076 2251 sine
1108 2214 1369 2263 ponderibus,
1403 2215 1553 2251 scilicet
1575 2224 1657 2262 per

140 2280 293 2332 pedes,
332 2283 390 2320 ita
427 2286 471 2320 ut
503 2287 622 2333 caput
651 2283 817 2320 inferius
850 2286 972 2329 esset,
1006 2282 1053 2319 cf.
1088 2281 1214 2319 Casin.
1252 2283 1350 2319 367:
1397 2286 1462 2328 „ut
1497 2282 1656 2331 quidem

149 2350 281 2388 hercle
319 2350 489 2399 pedibus
527 2349 744 2401 pendeas“.
783 2371 840 2376 —-
879 2352 973 2388 300.
1012 2346 1099 2398 Quo
1138 2350 1380 2399 [cryemzem‘o
1418 2346 1559 2387 istuc?
1604 2364 1654 2386 sc.

151 2418 246 2456 dicis
284 2419 347 2456 vel
385 2418 549 2469 probas,
592 2419 639 2456 cf.
673 2419 801 2456 Casin.
835 2420 930 2456 761.
977 2419 1061 2456 Mil.
1097 2420 1190 2456 995.
1228 2420 1347 2456 1009.
1394 2418 1496 2455 Rud.
1536 2418 1654 2455 1023.

149 2486 309 2524 Trucul.
332 2487 423 2524 172.
456 2507 512 2512 -—
545 2488 637 2525 301.
671 2484 945 2537 adlr'yatzcmst
973 2487 1067 2524 olim
1099 2486 1360 2523 emendatum.
1389 2506 1444 2510 —
1471 2495 1655 2535 aequom,

151 2555 297 2591 iustum
329 2558 369 2591 et
396 2559 635 2602 accuratum,
662 2568 739 2606 quo
763 2555 917 2604 pondus
942 2555 1105 2604 aequari
1130 2557 1273 2603 potest.
1298 2574 1355 2578 —
1381 2555 1474 2591 303.
1500 2554 1656 2603 Aequa-

151 2622 247 2659 liter
274 2622 419 2660 librato
451 2624 626 2673 pondere
660 2622 867 2674 apparebit
898 2643 955 2648 —
987 2621 1109 2672 quid?
1146 2621 1464 2672 Expectabatur,
1498 2625 1537 2659 te
1569 2636 1657 2659 cen-

150 2694 237 2728 tum
260 2690 394 2741 pondo
417 2691 601 2740 pendere,
635 2691 705 2729 sed
733 2692 915 2741 sequitur
946 2691 1046 2740 παρὰ
1079 2691 1313 2739 προσδοκίαν,
1347 2694 1386 2727 te
1419 2704 1585 2740 nequam
1619 2694 1657 2727 et

151 2759 298 2796 malum
330 2772 426 2796 esse.
489 2759 582 2805 Quae
614 2759 675 2797 his
708 2759 964 2806 antecedunt,
1005 2772 1141 2796 eorum
1181 2758 1264 2796 haec
1301 2759 1498 2795 sententia
1538 2759 1656 2795 fuerit

152 2839 312 2864 necesse
344 2831 423 2864 est:
457 2840 528 2865 nec
559 2828 687 2864 minus
718 2841 788 2864 nec
820 2827 910 2878 plus
942 2826 1101 2876 pendes.
1159 2826 1303 2864 Codd.:
1338 2823 1428 2865 AVCC
1460 2824 1658 2875 dependis

151 2905 226 2932 ‘nee
253 2893 511 2944 propmzdis;
548 2895 617 2933 sed
656 2897 740 2933 iure
778 2895 838 2932 Fl.
880 2894 1060 2932 secundae
1099 2896 1390 2943 coniugationis
1431 2895 1551 2932 verba
1591 2892 1657 2932 de-
