1926 3275
319 301 338 338 1
347 300 398 339 10
1003 292 1127 326 Plauti
1532 290 1597 334 ΠΙ,
1614 291 1643 334 l,
1657 292 1781 335 29-2,
1794 292 1817 326 ’7

314 422 439 463 Nunc
470 420 577 462 adeo
609 419 695 461 nisi
725 418 829 459 mihi
858 417 943 459 huc
975 417 1144 471 argenti
1175 414 1319 458 adfert
1347 415 1504 469 uiginti
1533 416 1685 468 minas,

314 493 378 535 Ne
409 492 481 533 ille
514 495 685 533 ecastor
715 490 815 530 hinc
845 488 1047 530 trudetur
1076 489 1224 541 largus
1254 477 1548 528 lacrumarum
1576 486 1708 529 foras.

314 564 397 605 Hic
428 563 520 604 dies
553 565 763 604 summust
795 560 910 614 apud
940 573 1008 600 me
1040 560 1215 612 inopiae
1248 559 1468 600 excusatio
1500 557 1526 610 †
1749 564 1817 598 530

895 630 1232 671 Philaenium

313 706 475 757 Patiar,
507 705 543 746 si
574 704 668 746 cibo
703 717 850 745 carere
881 716 950 743 me
980 701 1117 753 iubes,
1149 704 1288 742 mater
1318 715 1427 742 mea.

940 772 1190 814 Cleareta

313 849 412 889 Non
442 850 545 889 uoto
577 845 653 887 ted
683 858 830 886 amare
862 844 937 897 qui
968 844 1089 895 dant,
1123 857 1209 897 qua
1240 847 1441 885 amentur
1471 844 1628 896 gratia.

894 915 1232 956 Philaenium

314 990 427 1041 Quid
458 990 494 1031 si
523 989 595 1030 hic
626 989 794 1030 animus
827 986 1116 1041 occupatust‘?
1147 986 1302 1037 Mater,
1334 985 1438 1039 quid
1467 986 1644 1038 faciam,
1674 1000 1812 1029 mone.

939 1072 1191 1114 Cleareta

1687 1128 1812 1180 Hem,

313 1203 459 1245 Meum
490 1206 622 1256 caput
654 1200 932 1255 contemples,
964 1201 1000 1242 si
1032 1200 1205 1255 quidem
1239 1215 1291 1242 ex
1321 1214 1368 1241 re
1401 1200 1621 1242 consultas
1651 1203 1742 1241 tua.

894 1272 1229 1313 Philaenium

312 1346 459 1387 Etiam
490 1345 634 1398 opilio,
667 1345 741 1398 qui
772 1344 925 1398 pascit,
957 1347 1108 1394 mater,
1139 1343 1303 1384 alienas
1336 1343 1441 1394 ouis,
1746 1341 1813 1376 535

311 1417 512 1470 Aliqua-m
542 1415 677 1457 habet
706 1415 982 1469 peculiarem,
1016 1415 1090 1469 qui
1122 1429 1242 1468 spem
1274 1413 1439 1456 soletur
1473 1427 1607 1455 suam.

314 1488 414 1530 Sine
445 1502 513 1529 me
546 1501 692 1528 amare
718 1501 850 1528 unum
873 1486 1164 1540 Argyrippum
1196 1486 1330 1526 animi
1362 1499 1508 1537 causa,
1542 1499 1669 1539 quem
1697 1485 1813 1527 uolo.

938 1557 1188 1599 Cleareta

313 1630 432 1671 Intro
465 1629 558 1681 abi3
591 1643 691 1670 nam
721 1632 765 1671 te
797 1629 972 1683 quidem
1004 1628 1159 1682 edepol
1189 1628 1298 1669 nihil
1329 1632 1394 1670 est
1423 1627 1718 1682 inpudentius.

893 1700 1231 1742 Philaenium

311 1773 571 1814 Audientem
603 1772 735 1823 dicto,
767 1775 918 1824 mater,
948 1771 1193 1826 produxisti
1222 1771 1368 1812 filiam.

598 2025 840 2067 LIBANUS
900 2024 1167 2076 LEONIDA,
1200 2023 1369 2066 SERUI
1399 2023 1528 2065 DUO.

943 2126 1179 2167 Libanus

310 2197 524 2239 Perfidiae
555 2197 706 2238 laudes
737 2197 988 2251 gratiasque
1019 2197 1231 2238 habemus
1261 2197 1419 2238 merito
1449 2210 1639 2250 magnas,
1744 2202 1811 2236 540

311 2269 451 2318 Quom
482 2268 641 2310 nostris
672 2268 968 2321 sycophantiis
1000 2268 1111 2309 dolis
1144 2269 1414 2321 astutiisque,

311 2339 596 2393 Scapularum
629 2339 903 2390 confidentia,
933 2340 1097 2380 uirtute
1128 2339 1343 2381 ulmorum
1374 2342 1535 2392 spreta,

309 2411 552 2452 Aduorsum
584 2411 783 2451 stetimus
814 2410 1042 2451 lamminas
1075 2423 1312 2463 crucesque
1345 2409 1647 2463 conpedesque

309 2481 490 2532 Nomos,
523 2484 712 2533 catenas,
744 2494 975 2532 carcerem,
1006 2481 1230 2532 numellas,
1260 2480 1452 2534 pedicas,
1481 2480 1604 2522 boias

309 2552 648 2605 Inpactoresque
681 2565 932 2593 acerrumos
964 2566 1208 2605 gnarosque
1239 2552 1378 2592 nostri
1407 2551 1532 2604 tergi.
1741 2555 1809 2591 545

312 2621 413 2675 [Qui
444 2637 572 2675 saepe
604 2627 704 2664 ante
735 2623 779 2663 in
810 2626 981 2665 nostras
1013 2623 1213 2677 scapulas
1245 2623 1470 2664 cicatrices
1500 2621 1770 2675 indiderunt]

355 2799 362 2806 ·
401 2789 468 2821 542
492 2787 575 2822 freti
669 2789 734 2822 543
759 2787 826 2832 Qui
852 2789 1049 2824 aduersum
1074 2789 1242 2824 stimulos
1274 2789 1466 2823 lamminas
1560 2790 1627 2824 544
1651 2789 1807 2825 carceris

309 2843 376 2878 545
400 2843 653 2888 Indoctoresq.

951 2908 970 2924 0
