1926 3275
816 335 859 370 V.
885 337 1075 372 893—912.
1616 345 1698 384 433

193 465 308 514 quasi
324 463 465 501 durum
489 463 669 502 reddere.
702 465 888 502 Fullones
913 469 1044 503 autem
1067 467 1308 504 vestimenta
1330 468 1501 506 lavando
1519 473 1558 506 et
1574 470 1697 507 inter-

192 531 380 581 polando,
412 532 538 569 multa
568 535 686 570 etiam
711 536 820 570 creta
843 533 1025 570 adhibita
1055 531 1108 581 (v.
1134 534 1331 585 Theophr.
1353 535 1466 574 Char.
1489 537 1538 574 10
1565 536 1695 585 extu),

193 611 298 648 saepe
337 599 500 637 duriora
538 599 778 647 reddebant,
826 614 942 649 quam
987 601 1209 650 oportebat.
1272 602 1400 648 Quare
1441 605 1509 653 qui
1555 604 1697 642 durare

194 667 433 704 vestimenta
462 667 633 704 fullones
668 667 783 715 dicit,
817 681 884 705 eos
915 681 993 705 non
1023 668 1181 715 laudat,
1215 670 1283 706 sed
1314 671 1536 720 vituperat3
1569 673 1698 721 qualis

191 735 302 772 iocus
327 734 375 771 ab
397 734 471 771 hoc
494 735 582 772 loco
607 749 686 772 non
712 735 860 772 alienus
876 736 1048 773 videtur.
1075 757 1132 761 —
1159 739 1252 774 899.
1270 733 1323 775 In
1341 734 1479 776 oculos
1496 740 1638 776 suadet
1653 744 1699 777 ut

193 802 385 839 invadant
414 803 479 839 vel
509 803 686 839 involent
715 802 954 850 Demaeneto,
986 807 1032 840 ut
1063 817 1129 841 eos
1160 805 1344 853 eripiant,
1379 806 1424 843 cf.
1452 806 1571 844 Most.
1603 808 1694 844 198.

192 870 282 908 Ter.
300 869 401 907 Eun.
422 870 501 907 648
527 870 576 908 al.
623 869 791 908 Dativus
816 872 930 909 facile
954 871 1125 918 auditur,
1152 872 1199 910 cf.
1227 874 1320 910 381.
1367 873 1426 911 Fl.
1452 875 1695 921 ingeniosius

192 951 310 987 quam
326 938 457 975 verius
475 937 534 974 ed.
550 953 556 975 :
579 938 642 984 „in
660 939 793 976 oculos
816 937 987 986 [cuculo]
1007 939 1184 977 inuadist
1201 938 1447 989 optumum“.
1463 961 1520 966 —
1539 943 1632 979 900.
1654 942 1696 979 ΐῖι

192 1002 324 1043 istaec
363 1005 537 1055 ed.-pr.,
573 1006 619 1043 cf.
654 1007 748 1044 896.
808 1007 921 1044 Acid.
958 1005 1132 1053 „istanc“
1167 1008 1352 1045 malebat.
1384 1029 1439 1033 —
1472 1010 1565 1046 901.
1597 1009 1697 1046 Post

191 1068 406 1110 Imcocasti
427 1073 578 1120 hiatus3
611 1073 725 1111 Both.
756 1073 1057 1120 ‚,inuocauisti“.
1105 1075 1250 1111 Muller
1272 1089 1311 1125 p.
1340 1077 1417 1112 595
1444 1076 1561 1124 longe
1586 1077 1695 1114 aliud

192 1141 433 1190 requirebat.
501 1137 664 1190 Ecquis
702 1142 797 1179 olim
835 1142 1095 1180 emendatum.
1135 1163 1192 1167 —
1234 1138 1542 1189 „Pollinctores
1575 1143 1689 1181 sunt“

192 1211 238 1245 ut
269 1209 327 1245 ait
356 1208 507 1245 Nonius
537 1222 576 1258 p.
614 1210 706 1256 157,
750 1210 843 1258 „qui
879 1213 1056 1247 mortuos
1096 1209 1258 1247 curant“
1304 1214 1343 1247 et
1381 1210 1573 1248 cadavera
1604 1215 1695 1248 ante

192 1277 442 1326 sepulturam
472 1280 615 1325 parant
645 1280 686 1313 et
717 1280 873 1323 ornant,
906 1279 931 1314 i.
965 1291 998 1314 e.
1029 1277 1268 1327 pollingunt,
1300 1291 1336 1314 v.
1360 1278 1467 1315 Poen.
1495 1280 1558 1316 63.
1606 1279 1694 1316 Ser-

192 1356 345 1381 monem
377 1345 433 1381 sic
462 1345 690 1381 institutum
720 1347 918 1394 parasitus
955 1348 1130 1382 extremo
1161 1346 1342 1394 proximo
1374 1358 1490 1382 versu
1520 1366 1575 1371 —-
1605 1361 1694 1383 nam

193 1424 280 1460 quae
317 1412 526 1448 interiecta
564 1415 677 1458 sunt,
719 1412 769 1449 ad
807 1425 894 1449 eum
926 1426 1002 1449 non
1033 1413 1236 1462 pertinent
1270 1433 1317 1437 —
1351 1415 1604 1462 persequitur
1633 1414 1694 1451 his

191 1478 341 1516 verbis:
373 1479 600 1526 „Mortuust
615 1478 906 1516 Demaenetus“.
952 1480 1046 1516 Haec
1070 1481 1172 1516 enim
1198 1494 1315 1517 eausa
1340 1484 1410 1527 est,
1437 1494 1505 1517 cur
1526 1482 1693 1530 pollinc-

191 1550 299 1584 tores
331 1547 473 1584 arcessi
503 1547 650 1594 iubeat,
685 1548 795 1596 quasi
826 1560 943 1584 senex
967 1547 1130 1595 flagitiis
1158 1547 1320 1585 detectis
1345 1561 1506 1598 prorsus
1530 1549 1695 1597 perierit

192 1617 232 1651 et
269 1615 347 1651 iam
385 1614 632 1664 sepeliendus
671 1615 734 1652 sit.
796 1614 985 1652 Similiter
1016 1615 1172 1652 Terent.
1204 1615 1362 1652 Phorm.
1399 1616 1526 1653 1026:
1568 1615 1691 1662 „Exe-

193 1683 304 1732 quias
336 1681 535 1719 Chremeti
574 1682 716 1732 quibus
748 1686 808 1719 est
839 1682 1085 1720 commodum
1115 1683 1192 1728 ire,
1226 1695 1286 1719 em
1315 1686 1470 1731 tempus
1501 1681 1601 1720 est“.
1639 1703 1686 1707 -

194 1751 288 1788 902.
329 1749 456 1787 Filius
496 1754 661 1787 matrem
707 1763 826 1799 quum
873 1751 1082 1800 conspicit,
1130 1750 1295 1796 salutat,
1344 1763 1388 1786 ea
1427 1746 1501 1787 Sat
1545 1747 1694 1788 salutis

192 1818 417 1867 respondet,
442 1822 487 1856 ut
509 1818 668 1855 Trucul.
696 1819 795 1855 258:
834 1817 927 1864 „Sat
952 1817 1086 1854 mihist
1111 1820 1205 1854 tuae
1229 1817 1387 1863 salutis3
1414 1817 1513 1853 nihil
1538 1831 1691 1863 1n0r0r3

193 1889 255 1923 sat
284 1884 460 1923 salueo“.
514 1885 575 1923 Fl.
609 1899 694 1923 cum
730 1885 828 1923 dett.
862 1885 974 1922 codd.
1011 1883 1232 1931 .,salutist“.
1265 1905 1321 1909 —-
1354 1886 1446 1922 903.
1481 1885 1553 1932 θεέ,
1586 1885 1694 1934 quod

191 1954 233 1991 in
264 1953 376 1991 codd.
410 1953 569 2000 excidit,
603 1956 713 1990 extat
745 1952 850 2002 apud
873 1953 1047 1990 Nonium
1077 1964 1116 2001 p.
1144 1953 1208 1989 22.
1270 1949 1335 1989 ΗΟ
1364 1965 1436 2001 pro
1474 1951 1612 1998 „hinc“
1648 1953 1691 1989 B.

193 2034 295 2058 man.
336 2034 396 2070 pr.
437 2041 493 2045 —-
535 2022 628 2059 906.
674 2017 799 2058 Poste
845 2017 1008 2057 demum
1052 2017 1147 2066 huc,
1195 2021 1250 2056 sic
1289 2020 1339 2065 B,
1387 2020 1511 2056 altera
1555 2033 1693 2056 manus

194 2088 343 2125 emend.
377 2085 505 2134 huma·
536 2092 648 2126 cett:
687 2088 807 2134 „Post
837 2101 924 2124 eum
958 2087 1110 2123 demun]
1143 2086 1259 2124 huc“.
1306 2087 1409 2123 Illud
1433 2090 1537 2124 recte
1560 2091 1695 2124 tuetur

194 2156 343 2193 Ritsch.
377 2156 519 2205 Opusc.
553 2156 608 2202 ΙΙ,
642 2170 680 2205 p.
717 2157 809 2192 543.
871 2155 1048 2204 Antiqua
1094 2155 1161 2191 illa
1206 2154 1384 2191 adverbii
1423 2155 1549 2192 forma
1588 2159 1695 2191 extat

192 2225 234 2260 in
264 2223 295 2261 B
327 2225 446 2261 etiam
477 2224 582 2260 Men.
618 2225 711 2261 825.
746 2223 866 2260 Merc.
897 2223 990 2259 364.
1024 2222 1144 2259 Stich.
1175 2223 1266 2259 384.
1314 2221 1463 2259 Ennius
1496 2236 1557 2272 ap.
1583 2222 1692 2259 Fest.

194 2304 232 2339 p.
267 2292 367 2328 356:
410 2291 553 2337 „Poste
584 2291 804 2328 recumbite
834 2294 1047 2338 uestraque
1078 2293 1244 2339 pectora
1273 2289 1412 2338 pellite
1443 2288 1607 2327 tonsis“.
1644 2309 1691 2313 —

196 2360 290 2396 907.
324 2357 368 2396 in
392 2359 556 2407 partem
587 2358 723 2395 Lamb.
765 2371 856 2404 em.,
899 2358 945 2394 cf.
981 2359 1074 2395 672.
1137 2357 1221 2393 Liv.
1254 2356 1325 2403 IV,
1361 2358 1430 2403 35,
1466 2358 1510 2393 6:
1563 2369 1694 2406 „spem

195 2426 420 2463 consulatus
460 2427 500 2462 in
538 2429 689 2476 partem
729 2423 985 2471 revocandi“,
1026 2425 1075 2461 al.
1137 2423 1199 2460 Ad
1238 2437 1319 2460 rem
1359 2425 1475 2460 ctiam
1522 2424 1697 2473 pertinet

195 2493 284 2530 Ter.
317 2493 416 2530 Eun.
452 2495 579 2531 1055:
633 2497 699 2540 „ut
744 2494 926 2530 haeream
972 2493 1011 2528 in
1056 2495 1170 2541 parte
1217 2492 1350 2540 aliqua
1390 2491 1550 2527 tandem
1591 2490 1695 2540 apud

195 2559 424 2598 Thaidem“.
471 2581 527 2586 —-
574 2562 667 2598 910.
709 2556 888 2609 Rcssenm
933 2562 1144 2609 patronum
1190 2560 1244 2595 sic
1289 2571 1392 2607 saepe
1439 2557 1696 2607 appellabant

195 2629 371 2677 parasiti,
389 2642 425 2666 v.
443 2627 562 2666 Stich.
582 2629 676 2665 456.
704 2627 815 2676 Capt.
837 2628 901 2663 92.
920 2627 1024 2663 Men.
1045 2628 1138 2663 887.
1157 2626 1244 2662 Ter.
1265 2625 1421 2667 Phorm.
1445 2626 1536 2662 338.
1557 2625 1694 2661 Horat.

196 2694 268 2743 Ep.
282 2695 312 2742 I,
327 2697 362 2742 7,
377 2697 448 2741 203
473 2698 534 2742 17,
554 2697 604 2733 20
624 2699 663 2732 et
681 2696 816 2732 43.—
832 2694 1033 2731 tcmtmnst
1051 2690 1298 2739 incendium,
1317 2693 1416 2729 adeo
1434 2692 1545 2729 ardet
1565 2706 1695 2729 amore

196 2762 323 2799 homo.
340 2782 395 2787 —
413 2764 508 2800 911.
534 2760 720 2810 receptio,
739 2776 774 2798 v.
794 2761 841 2797 ad
862 2761 1001 2810 Amph.
1025 2763 1115 2797 515.
1132 2772 1186 2784 ·-—
1209 2762 1302 2797 912.
1321 2759 1522 2796 Excidissc
1547 2759 1696 2808 aliquid

198 2829 344 2878 duplex
373 2830 507 2867 hiatus
533 2829 739 2866 ostendere
764 2828 930 2865 videtur.
979 2829 1182 2865 Acidalius
1219 2825 1382 2874 „hodic“
1419 2827 1601 2873 addebat,
1635 2826 1693 2862 Fl.

202 2895 354 2943 „istic“.
395 2917 451 2922 —-
497 2894 678 2935 enicauit
722 2896 815 2933 olim
861 2896 1123 2932 emendatum.
1165 2915 1220 2920 ——
1261 2896 1354 2932 913.
1386 2891 1599 2931 hominum
1638 2892 1695 2929 Fl.

1382 2969 1425 3002 28
