1926 3275
271 313 355 352 384
926 310 1111 345 Asinaria.

271 439 460 476 scribitur
476 441 516 476 in
532 438 576 476 B.
598 458 647 464 —
669 439 762 477 340.
780 436 825 476 in
843 436 1062 487 tonstrina,
1080 453 1116 477 v.
1136 439 1186 476 ad
1200 439 1345 489 Amph.
1367 440 1556 478 1006.—
1570 440 1663 478 344.
1682 440 1778 478 Post

270 506 487 556 cnyem‘mn
516 507 647 544 hiatus
678 507 719 544 in
751 519 916 553 caesura,
958 507 1233 557 corrigendum
1265 510 1399 545 censet
1430 507 1577 544 Muller
1606 521 1645 557 p.
1682 509 1775 546 545.

270 595 327 598 —
359 576 451 612 345.
484 585 575 612 sese
604 588 746 624 parum
779 579 887 624 apte,
920 576 1086 613 maxime
1116 575 1189 613 hac
1218 575 1356 622 forma,
1389 575 1604 625 repetitum
1635 575 1777 614 sustuli

269 643 461 679 suadente
492 656 628 689 versu,
660 642 779 680 Both.
816 639 975 690 „mnas“
1011 642 1220 690 scribebat,
1251 642 1313 680 Fl.
1350 646 1434 690 „set
1465 655 1506 680 se
1538 641 1775 681 eum²non“.

273 730 322 735 ——
359 711 453 748 346.
488 707 645 758 callide,
678 709 797 757 bene,
830 711 877 748 cf.
905 711 993 748 Ter.
1018 711 1144 748 Andr.
1179 712 1280 749 201:
1318 710 1457 758 „Quid,
1490 710 1564 748 hoc
1594 711 1778 749 intellex-

270 776 357 814 tin?
390 791 439 814 an
470 778 646 814 nondum
672 779 789 815 etiam
814 791 862 815 ne
886 778 961 815 hoc
984 777 1170 828 quidem?
1202 778 1250 817 D.
1281 778 1406 815 Immo
1434 776 1616 817 callide“.
1662 779 1778 816 Hunc

269 848 308 882 et
340 846 565 894 proximum
602 859 759 883 versum
791 847 832 882 111
864 846 976 883 codd.
1011 860 1146 885 errore
1177 846 1290 884 sedes
1321 849 1494 883 mutasse
1534 847 1629 884 olim
1661 847 1777 884 intel-

270 913 413 951 lectum
445 916 513 950 est.
550 933 597 938 —
636 914 728 951 347.
761 911 976 964 quomam,
1009 917 1034 952 i.
1069 928 1100 952 e.
1133 918 1359 964 postquam,
1391 928 1427 951 v.
1460 914 1565 952 Fest.
1597 928 1636 965 p.
1671 916 1775 961 2613

270 980 318 1017 cf.
345 981 434 1018 Aul.
463 982 498 1017 9.
531 981 671 1018 Bacch.
701 983 794 1019 288.
828 981 915 1019 Cas.
941 983 1033 1020 559.
1065 982 1151 1020 Mil.
1174 984 1266 1021 129.
1299 983 1404 1020 Men.
1424 983 1519 1020 470.
1552 982 1660 1019 Poen.
1682 983 1775 1020 668.

269 1047 378 1084 Trin.
409 1049 499 1085 112.
537 1049 627 1086 149.
653 1068 708 1073 —
731 1049 1038 1099 Interrumpitur
1070 1052 1198 1088 oratio
1231 1051 1280 1088 ab
1313 1051 1595 1088 interlocutore
1626 1063 1777 1088 moram

271 1128 349 1152 11011
385 1116 581 1165 patiente,
617 1117 663 1154 cf.
695 1117 814 1154 Most.
849 1118 944 1155 455.
993 1119 1086 1156 735.
1139 1119 1258 1155 1131.
1291 1119 1341 1155 al.
1403 1118 1484 1165 FL,
1526 1131 1574 1155 ne
1613 1118 1777 1155 verbum

271 1183 446 1230 deesset,
483 1181 729 1232 „elocutust“
764 1184 824 1222 ed.
885 1185 1030 1222 Verum
1063 1188 1239 1223 extrema
1269 1199 1347 1223 vox
1377 1183 1438 1224 Sic
1475 1186 1541 1223 vix
1571 1198 1667 1223 vera
1698 1188 1776 1233 est3

271 1251 426 1300 antiqui
450 1251 538 1289 edd.
562 1249 620 1289 sit
641 1256 921 1301 reposuerunt,
954 1253 1023 1290 sed
1055 1254 1295 1291 coniunctivi
1327 1253 1437 1290 nulla
1462 1256 1522 1290 est
1544 1255 1670 1301 ratio,
1703 1253 1777 1291 sal-

269 1321 348 1355 tem
380 1319 444 1356 cst
473 1319 722 1357 scribendum
749 1324 844 1358 erat.
879 1341 933 1346 —
967 1322 1059 1359 349.
1087 1318 1184 1359 med
1208 1321 1357 1358 editum
1382 1324 1441 1359 est
1464 1321 1600 1358 hiatus
1623 1320 1777 1358 vitandi

269 1399 400 1433 causa,
435 1386 482 1424 cf.
517 1389 610 1425 297.
642 1388 788 1425 Muller
823 1402 907 1435 „me
940 1402 1025 1426 esse
1056 1402 1143 1426 eum
1175 1386 1411 1426 atriensem“
1445 1388 1630 1426 malebat.
1677 1389 1777 1426 Tum

273 1449 322 1491 Si
351 1450 423 1491 7200
452 1454 483 1491 B
513 1468 574 1504 pr.
606 1469 678 1502 m.;
721 1457 846 1493 altera
877 1469 1015 1494 manus
1047 1452 1136 1504 Sele,
1168 1460 1213 1494 ut
1245 1459 1334 1494 cett.
1368 1456 1503 1504 codd,
1537 1457 1648 1494 male.
1712 1452 1780 1494 Sit

270 1518 345 1559 7206
383 1522 631 1560 scribendum
673 1523 848 1570 videtur,
890 1524 913 1560 i.
949 1537 981 1562 e.
1022 1525 1101 1562 sint
1130 1525 1229 1572 ista,
1264 1524 1352 1560 ἔστω
1384 1526 1502 1561 ταῦτα.
1564 1522 1779 1574 respondit

270 1602 349 1638 quo
373 1591 501 1627 minus
527 1593 568 1627 in
591 1603 766 1640 praesens
791 1595 998 1640 mutemus,
1026 1593 1163 1630 obstat
1192 1592 1414 1642 perfectum
1450 1590 1582 1640 „dixi“
1617 1606 1653 1631 v.
1682 1594 1775 1631 353.

270 1678 326 1681 -—-
359 1659 451 1695 351.
484 1655 521 1695 Si
552 1668 667 1696 erum
697 1656 762 1697 uis
793 1659 920 1706 codd,
957 1660 1065 1710 quod
1096 1661 1128 1697 si
1159 1673 1297 1697 verum
1329 1664 1452 1707 esset,
1484 1661 1707 1710 requireret
1735 1661 1777 1698 in

270 1725 452 1774 proximo
485 1739 601 1763 versu
635 1725 881 1774 „adducere“
923 1728 1120 1766 infinitivo
1158 1728 1295 1775 modo,
1336 1732 1375 1765 et
1414 1729 1470 1766 sic
1507 1728 1567 1765 ed.
1600 1728 1717 1766 Parei
1746 1728 1775 1776 Ι,

271 1793 443 1830 numeris
469 1794 574 1830 iusto
601 1794 840 1839 durioribus,
869 1796 1012 1846 quibus
1043 1799 1100 1834 ita
1130 1796 1364 1834 medebatur
1387 1796 1546 1843 Miiller,
1575 1800 1619 1834 ut
1646 1793 1774 1844 „hau“

271 1873 344 1909 pro
394 1858 521 1908 „non“
569 1866 747 1910 poneret.
817 1863 1021 1901 Saniorem
1067 1866 1171 1902 viam
1216 1864 1333 1902 Both.
1380 1864 1573 1901 institisse
1618 1864 1779 1901 videtur

277 1929 352 1973 „sis
392 1927 525 1965 erum“
569 1929 763 1976 scribens,
804 1943 877 1979 ego
916 1932 1036 1969 malui
1079 1945 1214 1980 „erum
1253 1934 1285 1969 si
1324 1929 1426 1969 uis“.
1470 1952 1517 1956 -—
1563 1933 1656 1969 353.
1691 1929 1779 1969 dim⁸

270 2005 388 2032 ermn
417 2009 489 2045 pro
525 1995 749 2044 „dixeranff‘
787 1999 937 2036 emend.
964 1999 1024 2036 Fl.
1050 2020 1104 2025 -
1130 1997 1408 2037 adducturum
1438 2013 1490 2037 sc.
1524 1999 1695 2036 domum.
1721 2019 1778 2024 ——

275 2064 367 2100 354.
402 2061 444 2100 in
476 2060 675 2112 balinea-5²,
700 2068 743 2101 ut
769 2065 931 2103 decebat
959 2080 1006 2103 ex
1029 2068 1171 2104 itinere
1195 2068 1433 2104 venientem.
1475 2067 1640 2104 Versum
1666 2066 1780 2104 affert

272 2130 423 2167 Nonius
454 2145 491 2180 p.
524 2132 614 2178 194,
649 2133 716 2169 sed
748 2138 992 2183 corruptum.
1025 2155 1081 2159 —
1113 2136 1206 2172 355.
1241 2132 1305 2173 dic
1337 2134 1463 2182 codd.,
1497 2134 1555 2171 Fl.
1594 2132 1746 2183 „dice“.

389 2200 482 2235 357.
515 2197 770 2238 &masciatum
803 2198 1123 2248 („exasceatum“
1159 2200 1263 2250 cod.)
1305 2206 1366 2240 est
1401 2203 1507 2240 ascia
1538 2203 1620 2240 sive
1652 2204 1778 2240 securi

272 2280 500 2315 percussum
547 2270 615 2303 aut
662 2281 815 2305 caesum.
880 2269 1094 2307 Lambinus
1143 2268 1402 2317 ,‚translatio“
1452 2271 1583 2319 inquit
1632 2274 1717 2317 „est
1757 2284 1780 2308 a

273 2333 410 2380 fabris,
445 2335 511 2383 qui
542 2335 651 2382 ligna
689 2337 861 2385 primum
900 2337 1037 2375 dolant
1076 2341 1114 2375 et
1153 2339 1373 2385 exasciant,
1414 2337 1557 2375 deinde
1595 2338 1780 2388 laevigant

272 2405 311 2437 et
356 2402 523 2450 poliunt.
599 2403 682 2440 Hoc
734 2405 856 2453 igitur
909 2405 1124 2453 significat,
1173 2419 1273 2456 opus
1319 2406 1445 2443 adhuc
1493 2418 1577 2443 esse
1623 2406 1778 2456 impoli-

273 2472 356 2505 tum
397 2472 436 2506 et
474 2470 765 2520 imperfectum,
807 2473 875 2509 sed
913 2476 1045 2510 tamen
1083 2473 1182 2510 inibi
1217 2487 1320 2520 esse,
1360 2477 1404 2512 ut
1442 2487 1533 2511 mox
1571 2472 1708 2523 perfici
1740 2478 1780 2512 et

274 2537 465 2586 perpoliri
497 2536 664 2587 possit“.
712 2539 783 2576 Cui
815 2541 1021 2578 sententiae
1054 2554 1173 2590 quum
1207 2542 1414 2591 sequentia
1447 2539 1584 2590 (,‚na1n
1714 2555 1778 2579 ex-

274 2604 372 2640 clusi
403 2602 581 2652 sumus“)
623 2607 731 2643 nullo
771 2608 917 2644 causali
956 2621 1059 2646 nexu
1098 2610 1208 2659 iungi
1238 2613 1418 2658 possent,
1451 2609 1655 2646 Acidalius
1689 2623 1778 2658 „ex-

275 2669 528 2708 asciandum“
570 2673 631 2709 vel
673 2672 923 2721 „exasciato“
976 2676 1227 2713 scribendum
1274 2676 1477 2724 censebat,
1518 2690 1686 2726 eumque
1716 2677 1778 2715 Fl.

274 2741 430 2775 secutus
462 2743 532 2776 est.
596 2740 698 2785 Quid
730 2746 883 2789 autem,
918 2743 949 2779 si
980 2744 1200 2781 similitudo
1231 2757 1311 2781 non
1342 2758 1364 2782 a
1395 2744 1517 2782 fabris
1547 2745 1675 2794 petita
1706 2748 1777 2792 est,

272 2804 344 2841 sed
382 2819 404 2841 a
441 2805 722 2854 lignatoribus,
766 2823 837 2845 nec
876 2823 896 2845 a
934 2811 1101 2847 materia
1140 2811 1330 2858 dolanda,
1372 2811 1441 2849 sed
1481 2811 1530 2849 ab
1570 2811 1778 2850 arboribus

275 2872 490 2920 caedcndis,
531 2877 575 2910 ut
615 2876 853 2912 exasciatum
892 2877 969 2914 11011
1009 2878 1059 2914 sit
1095 2892 1221 2928 prope
1261 2879 1500 2928 perfectum,
1548 2879 1617 2917 sed
1656 2892 1779 2930 prope
