1926 3275
246 303 264 340 1
272 300 325 340 80
853 295 1131 340 Prolegomena.

243 428 353 476 signo
383 425 529 463 notavi.
575 423 706 462 Unum
737 427 866 461 autem
891 425 1045 472 signum
1068 424 1183 473 posui
1214 424 1256 461 in
1287 426 1467 474 graviore
1490 426 1604 476 pedis
1629 430 1746 476 parte

246 498 332 541 aut,
366 494 398 531 si
428 493 548 542 longa
578 491 728 540 syllaba
759 492 889 529 soluta
920 495 996 538 est,
1029 492 1071 528 in
1100 493 1235 541 priore
1264 492 1457 531 brevium.
1516 494 1563 532 In
1594 497 1747 534 creticis

242 562 366 612 priori
396 562 523 610 longae
555 563 756 596 accentum
789 561 1045 609 superposui3
1077 559 1306 598 bacchiacos
1335 575 1409 611 pro
1438 563 1592 601 creticis
1617 563 1746 601 habeo

245 629 466 678 anteposito
497 626 642 665 iambo.

356 696 440 733 Iam
472 695 521 732 ad
547 694 715 743 singula,
745 694 889 744 quibus
905 694 1070 732 Plautus
1100 708 1194 733 usus
1226 699 1296 744 est,
1328 700 1456 735 metra
1484 700 1744 736 transcamus.

757 807 967 845 Senario
997 807 1234 855 iambico,

243 900 334 950 quia
372 913 393 936 a
432 898 662 949 quotidiano
702 911 880 935 sermone
919 910 998 935 non
1037 898 1205 936 multum
1252 898 1479 949 discrepare
1523 900 1745 948 videbatur,

242 970 368 1018 poetae
399 967 543 1004 scenici
572 967 613 1003 in
644 965 834 1003 diverbiis
865 966 974 1003 nulla
1005 967 1125 1003 animi
1147 967 1452 1016 perturbatione
1475 968 1747 1006 vehementius

244 1035 449 1073 commotis
479 1034 708 1071 utebantur.
770 1033 898 1071 Graeci
928 1035 1155 1071 trimetrum
1192 1034 1389 1089 dicebant,
1423 1037 1517 1085 quia
1547 1049 1626 1074 non
1656 1037 1747 1074 sim-

242 1103 411 1152 plicibus
443 1101 512 1139 sed
544 1102 767 1152 duplicibus
798 1101 967 1150 pedibus
998 1101 1276 1140 metiebantur.
1322 1103 1423 1140 Nam
1447 1117 1538 1141 raro
1573 1117 1622 1141 ex
1653 1104 1747 1142 solis

244 1170 384 1207 iambis
431 1173 605 1217 constat,
653 1170 741 1216 sed,
789 1172 836 1206 ut
882 1170 938 1206 ait
976 1169 1168 1207 Horatius
1207 1170 1257 1207 ad
1286 1170 1452 1209 Pisones
1490 1184 1528 1209 v.
1562 1172 1641 1209 235
1675 1184 1747 1221 sq„

249 1238 426 1284 „tardior
462 1241 507 1274 ut
544 1238 662 1288 paulo
705 1239 942 1287 graviorque
979 1238 1134 1275 veniret
1171 1237 1222 1275 ad
1259 1252 1392 1286 aures,
1434 1238 1630 1289 spondeos
1667 1241 1748 1277 sta-

242 1304 368 1343 biles“
418 1305 459 1342 in
502 1306 673 1355 priorem
722 1306 909 1354 cuiusque
949 1305 1121 1355 dipodiae
1161 1305 1292 1343 sedem
1335 1304 1549 1355 „recepit“,
1588 1309 1634 1344 ut
1669 1318 1746 1344 non

244 1378 325 1411 tam
355 1373 475 1423 pedes
505 1373 672 1423 pedibus
706 1386 823 1423 quam
854 1373 1025 1423 dipocliae
1053 1372 1224 1423 dipodiis
1251 1374 1553 1423 responderent.
1600 1373 1748 1412 Solutis

244 1442 371 1489 longis
405 1441 566 1490 syllabis
595 1454 668 1491 pro
700 1440 830 1479 iambo
862 1441 1106 1490 tribrachys,
1145 1455 1218 1492 pro
1258 1441 1434 1492 spondeo
1474 1441 1652 1491 dactylus
1682 1440 1748 1489 fit3

245 1512 488 1558 anapaestum
525 1509 566 1545 in
604 1510 732 1558 primo
773 1509 980 1546 dumtaxat
1016 1509 1118 1558 pede
1157 1509 1375 1546 admittunt
1411 1510 1571 1559 tragici,
1612 1510 1750 1546 comici

244 1589 322 1613 non
360 1589 572 1625 numquam
613 1576 734 1613 etiam
764 1577 806 1613 in
837 1577 938 1614 aliis.
1000 1576 1178 1615 Ulterius
1216 1577 1420 1626 progressi
1450 1577 1586 1615 Latini
1622 1580 1749 1628 poetae

244 1643 463 1693 spondeum
508 1657 587 1681 non
633 1644 759 1681 solum
798 1645 838 1681 in
875 1645 1023 1694 primo,
1062 1645 1203 1691 tertio,
1246 1645 1404 1694 quintO,
1443 1645 1513 1683 sed
1551 1645 1670 1682 etiam
1708 1645 1749 1682 in

245 1711 416 1748 secundo
450 1715 489 1748 et
519 1716 659 1760 quarto
690 1711 792 1761 pede
823 1712 1039 1761 ponebant,
1074 1715 1114 1749 et
1143 1726 1218 1762 pro
1250 1713 1438 1763 spondeo,
1467 1713 1599 1751 soluta
1624 1712 1750 1750 altera

246 1779 378 1827 longa,
419 1783 679 1829 anapaestum,
720 1779 836 1817 modo
878 1783 1013 1817 sextus
1058 1781 1211 1818 iambus
1258 1781 1413 1830 integer
1457 1783 1652 1828 maneret,
1700 1779 1749 1817 de

247 1848 387 1884 ceteris
416 1848 557 1884 securi.
602 1847 794 1897 Adeoque
820 1847 903 1884 haec
933 1847 1116 1897 placebat
1147 1849 1228 1886 sive
1259 1850 1435 1896 gravitas
1466 1848 1548 1885 sive
1577 1848 1750 1886 varietas

245 1928 517 1961 numerorum,
550 1918 595 1952 ut
626 1916 802 1952 senarius
833 1917 875 1952 in
907 1915 1005 1953 duos
1035 1915 1185 1952 iambos
1217 1917 1349 1953 exiens
1380 1929 1470 1953 raro
1503 1916 1747 1962 inveniatur;

245 1984 417 2032 tragicos
463 1983 622 2032 quidem
679 1996 833 2032 semper
879 1984 920 2020 in
966 1983 1106 2032 quinto
1151 1983 1252 2033 pede
1297 1983 1517 2033 spondeum
1569 1984 1749 2033 posuisse

245 2050 460 2088 Diomedes
492 2050 662 2088 affirmat
697 2048 751 2100 (p.
788 2052 867 2089 507
900 2049 1031 2098 K)*).
1091 2050 1196 2088 Illud
1228 2053 1359 2088 autem
1390 2051 1431 2087 in
1461 2053 1574 2088 tanta
1613 2064 1748 2088 nume-

247 2131 380 2156 rorum
412 2119 603 2156 varietate
636 2131 791 2167 semper
823 2121 1003 2165 cavetur,
1036 2131 1084 2155 ne
1116 2118 1226 2155 color
1258 2121 1297 2155 et
1327 2131 1450 2168 genus
1482 2132 1619 2156 versus
1649 2119 1747 2156 obli—

245 2188 406 2222 tcrotur.
467 2186 607 2234 Itaque
637 2199 777 2236 parum
808 2185 940 2234 placet
971 2186 1166 2235 dactylica
1195 2199 1273 2224 vox
1304 2186 1467 2223 trochaei
1498 2186 1584 2224 loco
1616 2186 1749 2237 posita

247 2253 309 2289 vel
347 2254 385 2289 in
424 2253 634 2291 trochaicis
672 2254 735 2291 vel
773 2254 812 2290 in
858 2253 1035 2291 iambicis
1081 2253 1280 2300 versibus,
1327 2254 1448 2303 idque
1492 2254 1588 2291 ferri
1632 2267 1748 2305 posse

282 2416 312 2458 >³²)
340 2415 408 2460 Qui
437 2417 532 2452 hanc
563 2428 640 2451 rem
667 2417 942 2452 accuratissime
968 2418 1211 2461 examinavit,
1242 2418 1389 2452 Luchs
1420 2419 1459 2453 in
1490 2417 1749 2453 Studemundii

339 2472 489 2517 Studiis,
514 2474 541 2517 I,
568 2473 744 2508 Senecam
769 2474 1033 2508 animadvertit
1057 2486 1258 2519 numquam
1284 2476 1329 2509 ab
1354 2474 1425 2509 hac
1450 2475 1532 2519 lege
1562 2474 1748 2509 discedere

338 2529 410 2562 nisi
434 2530 472 2563 in
497 2530 685 2564 vocabulis
711 2534 886 2574 quattuor
911 2531 1151 2575 syllabarum3
1178 2531 1277 2575 apud
1301 2534 1443 2566 ceteros
1466 2533 1591 2565 autem
1615 2531 1746 2565 diiam-

338 2585 461 2618 hicum
485 2586 623 2619 exitum
650 2587 763 2620 ctiam
787 2589 867 2621 tum
891 2587 1061 2631 inveniri,
1088 2588 1117 2622 si
1144 2588 1266 2632 quarti
1290 2588 1397 2633 pedis
1421 2587 1536 2621 thesis
1559 2587 1680 2622 soluta
1700 2587 1750 2622 sit

341 2642 385 2683 (τ
401 2658 623 2669 ννννν
637 2642 706 2685 -),
733 2646 796 2677 aut
818 2644 848 2677 si
868 2644 1001 2678 ultima
1022 2655 1146 2678 versus
1171 2655 1245 2679 vox
1272 2645 1453 2679 creticum
1477 2643 1622 2678 efficiat.
1659 2642 1748 2687 Quae

341 2698 507 2740 quamvis
532 2702 632 2732 recte
657 2699 913 2734 animadversa
937 2701 1022 2744 sint,
1047 2701 1100 2734 ita
1124 2704 1250 2735 tamen
1274 2701 1367 2746 legis
1386 2702 1461 2735 vim
1480 2700 1650 2734 obtinere
1671 2711 1749 2735 non

340 2756 511 2797 possunt,
537 2757 593 2796 ut,
620 2754 649 2787 si
675 2766 755 2798 quae
780 2759 990 2800 repugnant
1016 2757 1200 2801 exempla,
1224 2768 1292 2801 pro
1319 2757 1504 2801 corruptis
1528 2756 1658 2791 haberi
1682 2756 1744 2791 de·

342 2809 461 2842 boant.
499 2808 621 2842 Unum
642 2810 719 2854 ipsc
741 2811 888 2855 excipit,
916 2812 1071 2855 „malam
1096 2812 1277 2857 crucem“,
1303 2824 1377 2857 quo
1401 2812 1514 2847 modo
1540 2824 1639 2857 saepe
1665 2823 1743 2848 ver-

341 2876 400 2898 sus
425 2865 688 2908 terminantur;
715 2866 780 2900 sed
803 2867 875 2901 hoc
901 2867 1006 2910 quasi
1030 2879 1098 2911 pro
1123 2880 1196 2902 uno
1222 2870 1404 2904 vocabulo
1431 2869 1575 2914 accipit.
