1926 3275
852 302 980 338 Index.

167 431 268 479 παρὰ
299 431 522 479 προσδοκίαν
554 431 577 466 4
585 430 605 467 3
613 431 649 467 Ο.

165 486 396 524 Pareehesis
429 488 524 525 262.
558 487 652 524 276.

164 542 416 580 Parenthesis
448 544 544 580 422.

164 596 208 636 in
229 599 399 647 partem
429 600 525 637 412.
558 599 652 636 433.

164 655 336 705 pendere
369 657 463 694 379.

156 712 332 760 penetro
365 713 458 750 260.

154 765 346 817 percipio
379 769 473 806 342.

155 835 332 874 pei-eyre
363 828 403 862 et
428 823 598 874 pereyri
629 826 708 863 233
742 839 799 875 sq.

162 881 385 919 Perfectum
431 894 504 931 pro
550 883 738 931 praesenti
787 883 880 920 239.

220 939 261 974 in
299 938 543 987 temporibus
583 938 881 988 periphrasticis

155 1048 336 1100 perier0,
361 1048 507 1099 peiero
541 1052 637 1089 378.

154 1104 371 1156 permities
404 1109 498 1145 363.

153 1163 366 1212 perpetem
399 1165 493 1201 263.

162 1220 423 1257 Personarum
455 1224 559 1258 notae
596 1222 673 1258 157
707 1234 764 1270 sq.

161 1276 235 1314 Pes
271 1278 348 1315 175
382 1290 467 1326 sqq.

164 1329 398 1382 Philippus,
414 1330 661 1382 Philippeus
682 1335 772 1372 199.
786 1335 807 1371 3
816 1336 879 1372 65.

152 1387 285 1439 plane
316 1391 412 1428 410.

161 1447 344 1484 Plautus:
379 1459 520 1484 nomen
549 1447 622 1483 141
654 1460 739 1496 sqq.
783 1450 879 1484 aetas

223 1504 300 1540 144
319 1516 376 1553 sq.
418 1503 562 1540 fabulae
582 1503 660 1540 146
679 1517 764 1553 sqq.
806 1505 879 1541 cri·

218 1561 296 1597 tica
326 1560 549 1597 fabularum
580 1559 750 1598 historia
787 1561 878 1598 151.

218 1620 346 1654 metra
381 1617 457 1654 174
491 1630 576 1666 sqq.

164 1669 360 1711 Plaudite
394 1674 485 1711 173.

161 1730 331 1768 Pluralis
354 1731 487 1767 neutri
504 1730 788 1767 adieetivorum
805 1744 878 1780 pro

220 1787 411 1836 singulari
429 1788 522 1825 263.
561 1800 684 1836 genus
701 1787 878 1824 indicans

220 1845 313 1881 270.
355 1843 413 1881 Pl.
430 1843 637 1893 praedicati
654 1845 877 1893 pronomini

218 1900 406 1949 partitivo
440 1900 596 1937 additus
631 1902 723 1938 339.

160 1956 591 2006 plusquamperfectum
632 1970 703 2006 pro
735 1958 876 2006 imper-

217 2013 320 2050 fecto
353 2015 446 2051 274.

151 2067 412 2119 portisculus
445 2071 523 2107 399
557 2083 614 2119 sq.

160 2126 311 2164 Positio
344 2127 523 2176 neglecta
558 2129 634 2164 197
668 2140 754 2176 sqq.

150 2193 294 2232 posse,
327 2184 470 2221 omisso
502 2180 596 2232 fieri
629 2185 704 2221 251
741 2196 798 2232 sq.

150 2240 276 2288 poste
307 2241 402 2278 433.

150 2293 320 2344 postulo
353 2298 447 2334 272.

150 2351 306 2401 potior,
334 2351 451 2401 potio
484 2354 577 2391 252.

149 2419 258 2458 prae
291 2411 384 2447 285.

148 2475 257 2514 prae
288 2476 412 2515 (lacem
444 2468 538 2504 295.

148 2532 256 2570 prae
286 2522 332 2560 ut
363 2524 456 2560 273.

149 2588 304 2627 praeeo
339 2581 431 2616 351.

154 2633 404 2684 praefiscini
436 2637 529 2674 396.

156 2691 395 2741 Praepositio
428 2692 564 2729 audita
599 2693 676 2729 389
711 2705 768 2740 sq.

156 2747 332 2785 Praesens
348 2762 422 2798 pro
441 2749 574 2785 futuro
597 2749 689 2786 304.
718 2749 792 2785 361
815 2761 872 2797 sq.

215 2806 254 2840 in
286 2804 481 2842 infinitivo
517 2807 609 2842 391.
644 2806 723 2842 407
757 2817 814 2854 sq.

147 2861 368 2909 praesente
402 2863 479 2899 333
513 2875 570 2911 sq.

1588 309 1667 347 441

948 431 1180 479 praeaorto
1213 432 1306 470 339.

955 485 1000 525 iri
1023 485 1164 536 pretio
1197 488 1290 525 357.

955 544 1162 581 Productae
1202 544 1363 593 syllabae
1401 545 1540 583 breves
1579 547 1670 585 195.

949 597 1149 648 prohibeo
1183 602 1277 638 337.

954 656 1119 705 Prologi
1155 658 1231 694 160
1263 670 1350 706 sqq.

956 712 1178 750 Pronomeu
1194 713 1296 750 idem
1315 713 1376 751 bis
1387 715 1562 764 positum
1578 717 1670 753 284.
1717 722 1720 723 ’

946 767 1191 818 propendeo
1225 771 1317 807 380.

954 825 1219 875 Properantes
1251 827 1353 864 servi
1387 828 1480 865 326.

945 882 1124 930 propter
1157 883 1249 920 329.

944 949 1203 987 proserpens
1235 935 1362 977 bestia
1394 940 1487 977 413.

953 995 1145 1032 Prosodia
1180 996 1257 1032 193
1291 1009 1375 1045 sqq.

943 1061 1079 1099 puere
1112 1052 1203 1089 386.

944 1108 1050 1155 puto
1083 1109 1176 1145 288.

953 1175 1032 1214 qua
1067 1165 1159 1202 359.

954 1217 1170 1269 qaaclriyoe
1202 1221 1296 1259 276.
1331 1222 1425 1259 377.

953 1274 1222 1326 quadrupedo
1254 1279 1349 1315 415.

958 1331 1069 1383 Quae
1099 1343 1168 1372 res
1200 1335 1293 1372 395.

953 1400 1102 1440 quaese
1136 1391 1228 1427 333.

953 1446 1151 1496 quantum
1184 1447 1278 1485 325.

953 1514 1076 1553 qaam
1106 1501 1244 1552 ‘mayis
1277 1504 1370 1541 366.

953 1558 1074 1609 quasi
1107 1561 1200 1597 250.
1235 1561 1328 1598 340.

952 1626 1104 1666 quasso
1138 1617 1230 1654 387.

952 1671 1022 1722 (le-12⁴
1059 1673 1255 1723 particula
1296 1675 1388 1711 303.
1435 1675 1526 1711 307.
1571 1677 1664 1712 311.

1010 1732 1102 1767 398.

951 1783 1046 1836 quia
1076 1788 1116 1823 in
1149 1786 1424 1836 respondendo
1453 1788 1545 1824 312.
1592 1801 1664 1836 pro

1008 1840 1120 1892 qaod
1150 1844 1243 1880 357.

950 1897 1051 1949 qaid
1071 1910 1219 1937 uomere
1244 1901 1337 1937 272.
1371 1897 1473 1949 qaid
1496 1906 1533 1936 et
1557 1898 1668 1949 quod

1008 1957 1208 1993 confusum
1227 1957 1266 1993 in
1284 1956 1396 1994 codd.
1417 1958 1510 1994 275.
1558 1954 1667 2006 (guid

1007 2009 1103 2050 est?
1135 2014 1228 2051 287.

950 2067 1129 2118 (laidem,
1161 2069 1348 2119 prosodia
1383 2071 1474 2107 199.

950 2123 1049 2175 (sain
1082 2127 1174 2163 374.

950 2180 1098 2232 quippe
1130 2180 1201 2232 qai
1235 2183 1326 2220 307.

949 2238 1122 2289 (suisque
1153 2242 1244 2288 post
1275 2235 1355 2286 ubi,
1387 2239 1434 2276 at
1467 2240 1559 2276 336.

949 2294 1058 2345 qnod
1079 2310 1152 2345 pro
1177 2297 1398 2332 accusativo
1424 2309 1454 2332 o.
1479 2296 1546 2332 inf.
1569 2298 1659 2334 3:36.

1003 2366 1076 2402 pro
1109 2348 1294 2400 qziamvis
1326 2353 1420 2389 419.

948 2419 1068 2458 quom
1100 2423 1143 2438 Ξ
1176 2408 1280 2457 quod
1314 2409 1407 2445 296.
1443 2410 1541 2454 300,
1576 2422 1660 2445 eum

1003 2467 1187 2515 praesonti
1234 2464 1439 2501 indicativi
1481 2466 1578 2511 298,
1617 2479 1661 2495 Ξ

1004 2523 1190 2571 quonian]
1225 2522 1316 2559 308.
1368 2532 1487 2570 quom
1513 2521 1659 2558 erlem-

999 2576 1069 2627 plo
1103 2578 1195 2615 317.

946 2647 1023 2684 quo
1054 2633 1174 2672 modo
1208 2635 1300 2671 287.

946 2702 1104 2741 qaoque
1135 2688 1258 2728 ellam
1291 2692 1383 2728 236.

946 2759 1048 2796 (secor
1083 2750 1172 2785 160.
1209 2749 1301 2784 319.

945 2801 986 2842 R
1017 2804 1134 2841 finale
1170 2805 1245 2841 195
1279 2817 1335 2852 sq.
1371 2805 1463 2841 201.

946 2862 1050 2899 reete
1084 2862 1175 2897 361.
