1926 3275
724 277 1006 322 Prolegomena.
1540 283 1618 321 5321

230 406 334 443 Satis
381 409 536 443 constat
579 420 652 443 nec
696 418 738 444 m
782 408 956 444 litterani
1003 408 1044 443 in
1090 408 1199 444 exitu
1246 408 1393 456 prioris
1440 409 1622 445 vocabuli

114 475 286 523 positam
330 488 401 511 1100
439 471 465 511 lb
508 476 548 511 in
586 476 784 524 principio
822 477 1054 524 posterioris
1094 476 1247 512 hiatum
1284 476 1443 522 tollere,
1484 490 1622 513 verum

115 542 298 580 subtilius
330 555 412 578 rem
443 543 602 579 rimanti
633 546 768 579 tamen
798 556 878 579 non
909 543 1059 580 nullum
1095 543 1153 579 his
1192 544 1337 580 litteris
1376 548 1618 581 momentum

114 610 369 647 tribuendum
400 624 483 647 esse
515 611 736 660 apparebit.
783 611 842 648 De
872 622 912 648 m
943 612 1078 648 littera
1095 611 1359 657 Quintilianus
1382 612 1452 659 IX,
1480 613 1517 658 4,
1547 614 1619 660 40:

119 679 216 725 „Illa
245 679 400 725 littera,
434 680 617 728 quotiens
650 679 790 716 ultima
822 683 880 716 est
912 683 951 715 et
982 680 1157 716 vocalem
1189 679 1297 716 verbi
1329 681 1531 730 sequentis
1564 682 1621 718 ita

116 748 328 796 contingit,
368 750 412 783 ut
451 748 491 783 in
530 761 613 783 eam
652 749 821 784 transire
858 749 1003 797 possit,
1046 748 1201 784 etiamsi
1240 748 1447 795 scribitur,
1490 752 1621 786 tamen

114 828 254 864 parum
286 815 539 863 exprimitur,
580 819 625 851 ut
661 815 856 861 „Multum
888 814 978 851 1110“
1024 819 1063 852 et
1108 816 1326 862 „Quantum
1359 815 1484 863 erat“,
1523 816 1621 853 adeo

114 887 158 920 ut
202 896 312 933 paene
359 883 560 920 cuiusdam
605 896 715 920 novae
761 883 904 920 litterae
951 897 1088 920 sonum
1135 883 1298 930 reddat,
1344 897 1470 933 neque
1517 885 1621 920 enim

115 952 320 997 eximitur,
354 950 423 987 sed
453 950 705 998 obscuratur,
748 955 786 987 et
823 955 980 988 tantum
1019 952 1152 1000 aliqua
1188 953 1292 988 inter
1331 951 1427 988 duas
1462 952 1620 989 vocales

114 1019 223 1056 velut
252 1022 345 1055 nota
376 1022 445 1064 est,
479 1032 526 1055 ne
558 1019 653 1067 ipsae
686 1018 864 1056 coeant“.
913 1019 1028 1065 Quod
1053 1020 1144 1056 inde
1169 1019 1269 1057 effici
1300 1032 1417 1069 posse
1447 1019 1618 1066 videtur,

115 1087 251 1123 littera
280 1097 322 1124 m
357 1086 625 1123 intercedente
666 1087 818 1124 hiatum
857 1087 1011 1124 facilius
1050 1087 1164 1134 ferri,
1205 1088 1246 1124 id
1286 1092 1446 1124 eatenus
1485 1101 1620 1125 verum

115 1158 190 1201 est,
225 1154 329 1203 quod
360 1157 453 1204 post
485 1168 599 1191 voces
639 1155 680 1191 111
714 1156 889 1192 vocalem
922 1159 1110 1192 exeuntes
1141 1155 1271 1192 hiatus
1302 1158 1387 1192 tum
1418 1155 1499 1192 fere
1531 1168 1620 1192 con-

115 1222 286 1269 ceditur,
328 1223 360 1258 si
397 1223 544 1259 vocalis
585 1223 704 1270 longa
745 1227 803 1260 est
843 1228 882 1261 et
914 1224 1148 1272 corripitur;
1182 1225 1221 1260 in
1253 1223 1363 1261 brevi
1394 1224 1541 1271 vocali,
1574 1228 1620 1261 ut

114 1292 155 1327 in
187 1290 378 1338 encliticis
411 1301 473 1335 06,
505 1302 576 1337 ne,
611 1302 706 1339 (sue,
739 1305 818 1329 non
851 1292 1102 1338 conceditur,
1143 1292 1211 1328 sed
1244 1294 1276 1328 si
1307 1292 1436 1329 brevis
1469 1292 1620 1341 syllaba

113 1360 154 1395 in
192 1369 232 1396 m
270 1360 369 1406 exit,
409 1360 510 1396 hiari
548 1363 683 1409 potest
720 1373 797 1397 non
837 1361 962 1397 solum
1004 1361 1045 1396 in
1083 1360 1383 1409 monosyllabis,
1424 1364 1469 1397 ut
1507 1371 1617 1408 nam,

115 1438 217 1474 cum,
251 1427 319 1464 sed
351 1429 471 1465 etiam
502 1429 543 1464 in
572 1428 789 1476 bisyllabis,
823 1428 889 1465 vid
921 1428 1026 1465 infra
1056 1442 1093 1477 p.
1130 1429 1224 1466 224.

228 1495 342 1541 Quod
376 1496 425 1532 ad
456 1493 482 1533 Ῑι
513 1497 669 1543 attinet,
702 1496 868 1544 Lingius
903 1495 967 1544 (de
998 1497 1108 1533 hiatu
1141 1510 1178 1545 p.
1215 1498 1263 1533 53
1298 1495 1401 1546 sqq.)
1436 1497 1619 1533 censebat

115 1564 155 1600 in
193 1577 275 1600 voc.
318 1578 354 1613 q.
396 1577 428 1601 e.
470 1561 588 1601 homo
633 1565 733 1601 hanc
778 1565 952 1601 litteram
996 1566 1053 1601 ita
1093 1566 1391 1614 pronuntiatam
1432 1578 1516 1601 esse
1555 1565 1618 1601 vel

114 1633 366 1680 pronuntiari
397 1632 586 1681 potuisse,
618 1635 662 1668 ut
692 1632 843 1669 hiatum
874 1633 1045 1669 tolleret.
1094 1632 1207 1678 Quod
1238 1646 1286 1668 ne
1318 1632 1405 1681 quis
1437 1634 1614 1678 miretur,

115 1699 396 1736 animadvertit
423 1700 546 1736 Italos
578 1703 807 1737 nostrorum
838 1704 1080 1749 temporum,
1115 1714 1235 1749 quum
1267 1701 1308 1737 in
1341 1702 1481 1737 ceteris
1511 1701 1616 1737 voci-

112 1767 186 1804 bus
232 1769 514 1817 aspirationem
560 1768 766 1815 abiiciant,
807 1769 847 1805 in
886 1768 958 1805 hac
997 1782 1075 1805 una
1112 1772 1265 1805 mutare
1305 1769 1345 1804 in
1383 1779 1410 1805 ¹u
1451 1766 1614 1815 (uomo).

113 1835 167 1873 Ut
199 1839 243 1872 ut
274 1840 344 1882 est,
380 1850 465 1873 cum
496 1836 607 1873 hiatu
637 1836 744 1885 apud
766 1836 953 1873 Plautum
985 1836 1132 1884 legitur
1169 1836 1387 1883 „flagitium
1418 1834 1610 1873 hominis“

112 1903 221 1940 Asin.
256 1905 349 1942 470.
384 1904 469 1941 Cas.
501 1906 593 1941 529.
626 1905 730 1941 Men.
765 1905 858 1941 478.
895 1905 986 1950 695,
1026 1905 1141 1953 „quoi
1171 1902 1343 1940 1101111111α
1381 1904 1491 1941 Cure.
1522 1905 1614 1940 550.

112 1970 229 2008 Most.
265 1972 358 2008 932.
392 1972 492 2008 Rud.
532 1973 658 2019 1194,
707 1972 870 2021 „pedem
902 1970 1076 2009 homini“
1112 1972 1178 2008 As.
1214 1973 1312 2018 768,
1359 1973 1508 2018 „simile
1547 1972 1616 2009 ho-

112 2038 278 2076 minem“
314 2039 403 2076 Aul.
441 2041 539 2086 111,
588 2054 695 2086 „esse
736 2038 957 2077 hominem“
1003 2039 1097 2076 ibid.
1133 2041 1233 2086 2213
1270 2040 1348 2077 alia
1379 2054 1413 2077 v.
1447 2054 1484 2090 p.
1520 2042 1614 2078 220.

112 2107 307 2155 Bergkius
340 2108 497 2156 quidem
522 2109 562 2144 111
586 2108 725 2145 Ρ111101.
745 2108 868 2155 XVII,
897 2121 934 2156 p.
956 2109 1006 2144 54
1033 2121 1089 2157 sq.
1123 2109 1162 2144 in
1196 2109 1389 2145 eiusmodi
1421 2109 1516 2145 locis
1547 2105 1615 2145 1ιο-

111 2185 284 2222 monem,
310 2172 499 2213 Immonis
524 2180 596 2212 etc.
624 2176 740 2213 scribi
765 2177 902 2222 voluit,
929 2177 1263 2225 assentientesque
1288 2177 1429 2214 habuit
1453 2180 1491 2213 et
1517 2177 1615 2213 alios

112 2247 151 2280 et
168 2243 430 2289 Corssenium,
450 2244 648 2281 Kritische
666 2244 849 2291 Beitrage
867 2257 937 2280 zur
953 2245 1087 2281 latein.
1106 2243 1386 2280 Formenlehre
1403 2257 1441 2294 p.
1458 2246 1534 2281 241
1556 2258 1613 2294 sq.

113 2310 187 2348 Sed
226 2311 341 2348 huius
380 2312 514 2348 formae
552 2325 673 2348 unum
711 2311 875 2349 affertur
915 2313 1137 2362 exemplum
1169 2311 1287 2349 Ennii
1320 2326 1367 2348 ex
1398 2312 1615 2349 Annalibus

111 2392 147 2416 v.
185 2379 258 2416 141
296 2376 433 2425 (Prisc.
460 2379 523 2425 VI,
556 2380 601 2415 15
635 2393 672 2429 p.
702 2381 781 2417 206
808 2380 856 2417 H.
890 2380 1037 2417 Charis.
1064 2381 1092 2426 I,
1127 2393 1164 2428 p.
1196 2381 1272 2416 147
1292 2380 1339 2416 K.
1374 2379 1478 2417 Fest.
1504 2380 1612 2429 Epit.

111 2459 149 2495 p.
173 2444 283 2493 100).
331 2446 450 2496 Apud
474 2446 658 2483 Plautum
683 2447 789 2484 Pers.
814 2449 892 2484 777
922 2448 1006 2484 cod.
1032 2447 1063 2484 B
1101 2446 1376 2493 „homonum“,
1411 2447 1438 2485 C
1468 2448 1614 2493 „homi-

112 2512 244 2560 num‘4,
278 2514 382 2563 quod
406 2527 542 2551 versus
567 2514 743 2561 flagitat3
775 2515 915 2552 Pseud.
944 2516 1022 2552 734
1050 2529 1161 2552 error
1184 2516 1260 2552 iam
1288 2516 1326 2551 in
1354 2516 1440 2564 ipso
1466 2515 1497 2551 B
1530 2529 1614 2552 cor-

112 2585 244 2618 rectus
261 2585 320 2618 est
340 2579 666 2629 (.‚honioinem‘'').
703 2583 797 2628 Quis
823 2584 943 2632 igitur
968 2584 1073 2629 sciat,
1103 2597 1151 2619 an
1169 2582 1317 2619 Ennius
1334 2583 1432 2619 hanc
1449 2583 1614 2620 formam

112 2650 244 2698 potius
277 2649 324 2686 de
356 2663 425 2686 suo
457 2649 614 2686 finxerit
646 2648 708 2697 (ut
739 2650 878 2697 inulta)
913 2665 1029 2700 quain
1062 2665 1109 2688 ex
1140 2664 1231 2687 vero
1263 2651 1400 2700 populi
1433 2665 1613 2689 sermone

112 2716 299 2753 hauserit.
362 2717 460 2753 Mihi
501 2717 659 2766 quidem
698 2718 942 2766 probabilior
981 2719 1139 2755 videtur
1177 2719 1309 2765 Lingii
1358 2720 1471 2757 ratio.
1533 2720 1613 2757 Nec

113 2785 215 2821 enim
246 2784 359 2821 valde
392 2785 594 2822 dissimilis
627 2790 685 2822 est
716 2786 845 2823 hiatus
877 2788 916 2823 in
953 2786 1208 2832 „mehercule,
1242 2787 1348 2833 mihi,
1382 2787 1608 2836 prehendo“

113 2851 161 2888 al.
224 2851 326 2897 Quin
357 2853 389 2890 si
420 2852 616 2890 Plautinis
648 2853 848 2891 codicibus
878 2853 995 2902 fides,
1028 2855 1145 2892 etiam
1177 2858 1266 2891 ante
1302 2853 1476 2901 „habeo“
1512 2855 1612 2891 hiari
