<?xml version="1.0" encoding="UTF-8"?>
<!DOCTYPE html PUBLIC "-//W3C//DTD XHTML 1.0 Transitional//EN"
    "http://www.w3.org/TR/xhtml1/DTD/xhtml1-transitional.dtd">
<html xmlns="http://www.w3.org/1999/xhtml" xml:lang="en" lang="en">
 <head>
  <title>
</title>
<meta http-equiv="Content-Type" content="text/html;charset=utf-8" />
  <meta name='ocr-system' content='tesseract 3.04.00' />
  <meta name='ocr-capabilities' content='ocr_page ocr_carea ocr_par ocr_line ocrx_word'/>
</head>
<body>
  <div class='ocr_page' id='page_1' title='image "./comoediaerecensv01plauuoft_0265.png"; bbox 0 0 1926 3275; ppageno 0'>
   <div class='ocr_carea' id='block_1_1' title="bbox 801 273 1687 319">
    <p class='ocr_par' dir='ltr' id='par_1_1' title="bbox 801 273 1687 319">
     <span class='ocr_line' id='line_1_1' title="bbox 801 273 1687 319; baseline 0.014 -12"><span class='ocrx_word' id='word_1_1' title='bbox 801 273 843 308; x_wconf 92' lang='lat' dir='ltr'>V.</span> <span class='ocrx_word' id='word_1_2' title='bbox 872 275 1058 309; x_wconf 73' lang='lat'>117—152.</span> <span class='ocrx_word' id='word_1_3' title='bbox 1605 281 1687 319; x_wconf 72' lang='lat'>247</span> 
     </span>
    </p>
   </div>
   <div class='ocr_carea' id='block_1_2' title="bbox 179 393 1687 2770">
    <p class='ocr_par' dir='ltr' id='par_1_2' title="bbox 179 393 1687 2770">
     <span class='ocr_line' id='line_1_2' title="bbox 288 393 1687 454; baseline 0.004 -15"><span class='ocrx_word' id='word_1_4' title='bbox 288 393 375 440; x_wconf 80' lang='lat'>&#39;142</span> <span class='ocrx_word' id='word_1_5' title='bbox 408 416 492 453; x_wconf 84' lang='lat' dir='ltr'>sqq.</span> <span class='ocrx_word' id='word_1_6' title='bbox 539 403 598 440; x_wconf 90' lang='lat' dir='ltr'>Ne</span> <span class='ocrx_word' id='word_1_7' title='bbox 629 406 872 454; x_wconf 75' lang='lat' dir='ltr'>spectatores</span> <span class='ocrx_word' id='word_1_8' title='bbox 904 417 1059 454; x_wconf 86' lang='lat' dir='ltr'>quoque</span> <span class='ocrx_word' id='word_1_9' title='bbox 1093 417 1226 442; x_wconf 85' lang='lat' dir='ltr'>errore</span> <span class='ocrx_word' id='word_1_10' title='bbox 1262 408 1473 442; x_wconf 88' lang='lat' dir='ltr'>teneantur</span> <span class='ocrx_word' id='word_1_11' title='bbox 1508 410 1564 453; x_wconf 90' lang='lat' dir='ltr'>et,</span> <span class='ocrx_word' id='word_1_12' title='bbox 1598 410 1687 445; x_wconf 87' lang='lat' dir='ltr'>uter</span> 
     </span>
     <span class='ocr_line' id='line_1_3' title="bbox 181 470 1686 525; baseline 0.003 -18"><span class='ocrx_word' id='word_1_13' title='bbox 181 484 298 508; x_wconf 89' lang='lat' dir='ltr'>verus</span> <span class='ocrx_word' id='word_1_14' title='bbox 329 470 570 521; x_wconf 80' lang='lat' dir='ltr'><strong>Amphitryo</strong></span> <span class='ocrx_word' id='word_1_15' title='bbox 603 474 672 509; x_wconf 87' lang='lat' dir='ltr'>aut</span> <span class='ocrx_word' id='word_1_16' title='bbox 702 485 818 509; x_wconf 92' lang='lat' dir='ltr'>verus</span> <span class='ocrx_word' id='word_1_17' title='bbox 851 472 964 510; x_wconf 87' lang='lat' dir='ltr'>Sosia</span> <span class='ocrx_word' id='word_1_18' title='bbox 995 473 1057 520; x_wconf 90' lang='lat' dir='ltr'>sit,</span> <span class='ocrx_word' id='word_1_19' title='bbox 1092 473 1287 522; x_wconf 74' lang='lat' dir='ltr'>ignorent,</span> <span class='ocrx_word' id='word_1_20' title='bbox 1319 473 1510 523; x_wconf 84' lang='lat' dir='ltr'>prologus</span> <span class='ocrx_word' id='word_1_21' title='bbox 1544 476 1686 525; x_wconf 85' lang='lat' dir='ltr'>exigua</span> 
     </span>
     <span class='ocr_line' id='line_1_4' title="bbox 182 539 1683 591; baseline 0.002 -14"><span class='ocrx_word' id='word_1_22' title='bbox 182 539 361 590; x_wconf 86' lang='lat' dir='ltr'>quaedam</span> <span class='ocrx_word' id='word_1_23' title='bbox 408 543 569 577; x_wconf 87' lang='lat' dir='ltr'>ornatus</span> <span class='ocrx_word' id='word_1_24' title='bbox 614 539 857 587; x_wconf 83' lang='lat' dir='ltr'>discrimina,</span> <span class='ocrx_word' id='word_1_25' title='bbox 905 540 1046 590; x_wconf 86' lang='lat' dir='ltr'>quibus</span> <span class='ocrx_word' id='word_1_26' title='bbox 1085 554 1276 591; x_wconf 83' lang='lat' dir='ltr'>personas</span> <span class='ocrx_word' id='word_1_27' title='bbox 1317 542 1495 591; x_wconf 87' lang='lat' dir='ltr'>alioquin</span> <span class='ocrx_word' id='word_1_28' title='bbox 1537 543 1683 581; x_wconf 87' lang='lat' dir='ltr'>similes</span> 
     </span>
     <span class='ocr_line' id='line_1_5' title="bbox 181 608 1685 658; baseline 0.001 -12"><span class='ocrx_word' id='word_1_29' title='bbox 181 610 467 654; x_wconf 84' lang='lat' dir='ltr'>internoscant,</span> <span class='ocrx_word' id='word_1_30' title='bbox 501 608 661 645; x_wconf 84' lang='lat' dir='ltr'>indicat.</span> <span class='ocrx_word' id='word_1_31' title='bbox 723 608 846 645; x_wconf 88' lang='lat' dir='ltr'>Nobis</span> <span class='ocrx_word' id='word_1_32' title='bbox 887 609 1046 658; x_wconf 88' lang='lat' dir='ltr'>quidem</span> <span class='ocrx_word' id='word_1_33' title='bbox 1083 609 1157 647; x_wconf 91' lang='lat' dir='ltr'>hoc</span> <span class='ocrx_word' id='word_1_34' title='bbox 1196 610 1365 658; x_wconf 72' lang='grc' dir='ltr'><strong><em>φορτικὸν</em></strong></span> <span class='ocrx_word' id='word_1_35' title='bbox 1404 610 1579 656; x_wconf 87' lang='lat' dir='ltr'>videtur,</span> <span class='ocrx_word' id='word_1_36' title='bbox 1613 624 1685 648; x_wconf 92' lang='lat' dir='ltr'>nec</span> 
     </span>
     <span class='ocr_line' id='line_1_6' title="bbox 181 676 1684 724; baseline 0 -9"><span class='ocrx_word' id='word_1_37' title='bbox 181 677 425 723; x_wconf 85' lang='lat' dir='ltr'>Graecorum,</span> <span class='ocrx_word' id='word_1_38' title='bbox 467 677 543 713; x_wconf 93' lang='lat' dir='ltr'>nisi</span> <span class='ocrx_word' id='word_1_39' title='bbox 580 676 715 722; x_wconf 84' lang='lat' dir='ltr'>fallor,</span> <span class='ocrx_word' id='word_1_40' title='bbox 759 676 866 713; x_wconf 83' lang='lat' dir='ltr'>aliud</span> <span class='ocrx_word' id='word_1_41' title='bbox 905 676 1094 714; x_wconf 89' lang='lat' dir='ltr'>iudicium</span> <span class='ocrx_word' id='word_1_42' title='bbox 1138 677 1261 724; x_wconf 88' lang='lat' dir='ltr'>foret;</span> <span class='ocrx_word' id='word_1_43' title='bbox 1308 677 1474 714; x_wconf 83' lang='lat' dir='ltr'>Romani</span> <span class='ocrx_word' id='word_1_44' title='bbox 1520 678 1684 716; x_wconf 91' lang='lat' dir='ltr'>rudibus</span> 
     </span>
     <span class='ocr_line' id='line_1_7' title="bbox 181 744 1685 795; baseline 0.001 -13"><span class='ocrx_word' id='word_1_45' title='bbox 181 744 470 795; x_wconf 84' lang='lat' dir='ltr'>spectatoribus</span> <span class='ocrx_word' id='word_1_46' title='bbox 515 744 799 781; x_wconf 89' lang='lat' dir='ltr'>consulendum</span> <span class='ocrx_word' id='word_1_47' title='bbox 845 744 1060 792; x_wconf 75' lang='lat' dir='ltr'>(luxerunt,</span> <span class='ocrx_word' id='word_1_48' title='bbox 1109 759 1152 783; x_wconf 88' lang='lat' dir='ltr'>ac</span> <span class='ocrx_word' id='word_1_49' title='bbox 1198 747 1329 782; x_wconf 88' lang='lat' dir='ltr'>nescio</span> <span class='ocrx_word' id='word_1_50' title='bbox 1376 760 1425 783; x_wconf 90' lang='lat' dir='ltr'>an</span> <span class='ocrx_word' id='word_1_51' title='bbox 1466 759 1514 783; x_wconf 88' lang='lat' dir='ltr'>ne</span> <span class='ocrx_word' id='word_1_52' title='bbox 1552 746 1685 784; x_wconf 88' lang='lat' dir='ltr'>Plauti</span> 
     </span>
     <span class='ocr_line' id='line_1_8' title="bbox 182 812 1684 874; baseline 0.001 -24"><span class='ocrx_word' id='word_1_53' title='bbox 182 813 343 874; x_wconf 54' lang='lat' dir='ltr'>quidem.</span> <span class='ocrx_word' id='word_1_54' title='bbox 371 814 506 863; x_wconf 90' lang='lat' dir='ltr'>ipsius,</span> <span class='ocrx_word' id='word_1_55' title='bbox 541 812 609 849; x_wconf 88' lang='lat' dir='ltr'>sed</span> <span class='ocrx_word' id='word_1_56' title='bbox 641 825 787 858; x_wconf 89' lang='lat' dir='ltr'>eorum,</span> <span class='ocrx_word' id='word_1_57' title='bbox 823 814 891 862; x_wconf 87' lang='lat' dir='ltr'>qui</span> <span class='ocrx_word' id='word_1_58' title='bbox 922 814 999 850; x_wconf 87' lang='lat' dir='ltr'>iam</span> <span class='ocrx_word' id='word_1_59' title='bbox 1023 813 1200 850; x_wconf 80' lang='lat' dir='ltr'>defuncti</span> <span class='ocrx_word' id='word_1_60' title='bbox 1225 817 1351 863; x_wconf 89' lang='lat' dir='ltr'>poetae</span> <span class='ocrx_word' id='word_1_61' title='bbox 1377 814 1552 851; x_wconf 86' lang='lat' dir='ltr'>fabulam</span> <span class='ocrx_word' id='word_1_62' title='bbox 1579 818 1684 852; x_wconf 88' lang='lat' dir='ltr'>retu-</span> 
     </span>
     <span class='ocr_line' id='line_1_9' title="bbox 180 881 1681 931; baseline 0.001 -13"><span class='ocrx_word' id='word_1_63' title='bbox 180 883 321 927; x_wconf 87' lang='lat' dir='ltr'>lerunt,</span> <span class='ocrx_word' id='word_1_64' title='bbox 349 881 423 918; x_wconf 94' lang='lat' dir='ltr'>hoc</span> <span class='ocrx_word' id='word_1_65' title='bbox 454 882 660 919; x_wconf 88' lang='lat' dir='ltr'>inventum</span> <span class='ocrx_word' id='word_1_66' title='bbox 691 881 821 918; x_wconf 83' lang='lat' dir='ltr'>fuerit.</span> <span class='ocrx_word' id='word_1_67' title='bbox 869 881 1015 919; x_wconf 84' lang='lat' dir='ltr'>Saltem</span> <span class='ocrx_word' id='word_1_68' title='bbox 1041 881 1081 918; x_wconf 90' lang='lat' dir='ltr'>hi</span> <span class='ocrx_word' id='word_1_69' title='bbox 1108 895 1265 931; x_wconf 87' lang='lat' dir='ltr'>quoque</span> <span class='ocrx_word' id='word_1_70' title='bbox 1289 895 1427 919; x_wconf 88' lang='lat' dir='ltr'>versus</span> <span class='ocrx_word' id='word_1_71' title='bbox 1453 883 1681 930; x_wconf 85' lang='lat' dir='ltr'>ostendunt,</span> 
     </span>
     <span class='ocr_line' id='line_1_10' title="bbox 180 949 1685 1000; baseline 0.001 -14"><span class='ocrx_word' id='word_1_72' title='bbox 180 950 388 1000; x_wconf 84' lang='lat' dir='ltr'>prologum</span> <span class='ocrx_word' id='word_1_73' title='bbox 418 963 498 986; x_wconf 92' lang='lat' dir='ltr'>non</span> <span class='ocrx_word' id='word_1_74' title='bbox 522 950 649 1000; x_wconf 90' lang='lat' dir='ltr'>ipsius</span> <span class='ocrx_word' id='word_1_75' title='bbox 675 950 806 986; x_wconf 89' lang='lat' dir='ltr'>Plauti</span> <span class='ocrx_word' id='word_1_76' title='bbox 834 963 929 996; x_wconf 91' lang='lat' dir='ltr'>esse,</span> <span class='ocrx_word' id='word_1_77' title='bbox 964 950 1030 999; x_wconf 88' lang='lat' dir='ltr'>qui</span> <span class='ocrx_word' id='word_1_78' title='bbox 1063 950 1095 986; x_wconf 93' lang='lat' dir='ltr'>si</span> <span class='ocrx_word' id='word_1_79' title='bbox 1126 951 1202 986; x_wconf 86' lang='lat' dir='ltr'>iam</span> <span class='ocrx_word' id='word_1_80' title='bbox 1235 949 1282 987; x_wconf 88' lang='lat' dir='ltr'>ab</span> <span class='ocrx_word' id='word_1_81' title='bbox 1314 950 1428 987; x_wconf 90' lang='lat' dir='ltr'>initio</span> <span class='ocrx_word' id='word_1_82' title='bbox 1460 950 1541 988; x_wconf 83' lang='lat' dir='ltr'>haec</span> <span class='ocrx_word' id='word_1_83' title='bbox 1572 952 1685 1000; x_wconf 88' lang='lat' dir='ltr'>signa</span> 
     </span>
     <span class='ocr_line' id='line_1_11' title="bbox 180 1016 1684 1068; baseline 0.001 -13"><span class='ocrx_word' id='word_1_84' title='bbox 180 1018 411 1064; x_wconf 83' lang='lat' dir='ltr'>indicasset,</span> <span class='ocrx_word' id='word_1_85' title='bbox 452 1019 517 1055; x_wconf 87' lang='lat' dir='ltr'>vix</span> <span class='ocrx_word' id='word_1_86' title='bbox 555 1019 596 1054; x_wconf 92' lang='lat' dir='ltr'>in</span> <span class='ocrx_word' id='word_1_87' title='bbox 633 1017 764 1055; x_wconf 91' lang='lat' dir='ltr'>media</span> <span class='ocrx_word' id='word_1_88' title='bbox 802 1018 937 1055; x_wconf 86' lang='lat' dir='ltr'>fabula</span> <span class='ocrx_word' id='word_1_89' title='bbox 971 1016 1024 1065; x_wconf 86' lang='lat' dir='ltr'>(V.</span> <span class='ocrx_word' id='word_1_90' title='bbox 1054 1019 1134 1055; x_wconf 83' lang='lat'>854</span> <span class='ocrx_word' id='word_1_91' title='bbox 1167 1016 1244 1067; x_wconf 89' lang='lat' dir='ltr'>sq.)</span> <span class='ocrx_word' id='word_1_92' title='bbox 1278 1018 1410 1055; x_wconf 89' lang='lat' dir='ltr'>Iovem</span> <span class='ocrx_word' id='word_1_93' title='bbox 1450 1020 1684 1068; x_wconf 88' lang='lat' dir='ltr'>spectatori-</span> 
     </span>
     <span class='ocr_line' id='line_1_12' title="bbox 179 1085 1682 1137; baseline 0 -14"><span class='ocrx_word' id='word_1_94' title='bbox 179 1087 252 1124; x_wconf 89' lang='lat' dir='ltr'>bus</span> <span class='ocrx_word' id='word_1_95' title='bbox 293 1089 522 1123; x_wconf 86' lang='lat' dir='ltr'>narrantem</span> <span class='ocrx_word' id='word_1_96' title='bbox 554 1085 838 1123; x_wconf 82' lang='lat' dir='ltr'>introduxisset</span> <span class='ocrx_word' id='word_1_97' title='bbox 868 1099 908 1122; x_wconf 89' lang='lat' dir='ltr'>se</span> <span class='ocrx_word' id='word_1_98' title='bbox 938 1089 1204 1134; x_wconf 85' lang='lat' dir='ltr'>personatum,</span> <span class='ocrx_word' id='word_1_99' title='bbox 1240 1099 1319 1122; x_wconf 89' lang='lat' dir='ltr'>non</span> <span class='ocrx_word' id='word_1_100' title='bbox 1350 1099 1486 1123; x_wconf 86' lang='lat' dir='ltr'>verum</span> <span class='ocrx_word' id='word_1_101' title='bbox 1518 1087 1682 1137; x_wconf 88' lang='lat' dir='ltr'>Amphi·</span> 
     </span>
     <span class='ocr_line' id='line_1_13' title="bbox 179 1150 1683 1204; baseline 0.001 -13"><span class='ocrx_word' id='word_1_102' title='bbox 179 1159 359 1204; x_wconf 85' lang='lat' dir='ltr'>tryonem</span> <span class='ocrx_word' id='word_1_103' title='bbox 385 1168 480 1192; x_wconf 87' lang='lat' dir='ltr'>esse.</span> <span class='ocrx_word' id='word_1_104' title='bbox 505 1174 561 1179; x_wconf 88' lang='lat'><strong>—</strong></span> <span class='ocrx_word' id='word_1_105' title='bbox 588 1155 679 1192; x_wconf 86' lang='lat'>143.</span> <span class='ocrx_word' id='word_1_106' title='bbox 704 1154 800 1191; x_wconf 83' lang='lat' dir='ltr'>Post</span> <span class='ocrx_word' id='word_1_107' title='bbox 824 1150 976 1192; x_wconf 69' lang='lat' dir='ltr'>habebo</span> <span class='ocrx_word' id='word_1_108' title='bbox 1000 1153 1132 1191; x_wconf 86' lang='lat' dir='ltr'>hiatus</span> <span class='ocrx_word' id='word_1_109' title='bbox 1157 1155 1198 1190; x_wconf 89' lang='lat' dir='ltr'>in</span> <span class='ocrx_word' id='word_1_110' title='bbox 1223 1167 1382 1191; x_wconf 66' lang='lat' dir='ltr'>caesura.</span> <span class='ocrx_word' id='word_1_111' title='bbox 1425 1154 1505 1192; x_wconf 77' lang='lat' dir='ltr'>FL:</span> <span class='ocrx_word' id='word_1_112' title='bbox 1536 1169 1683 1204; x_wconf 87' lang='lat' dir='ltr'>„usque</span> 
     </span>
     <span class='ocr_line' id='line_1_14' title="bbox 179 1218 1683 1272; baseline 0.001 -13"><span class='ocrx_word' id='word_1_113' title='bbox 179 1221 281 1269; x_wconf 78' lang='lat' dir='ltr'>hic“,</span> <span class='ocrx_word' id='word_1_114' title='bbox 309 1223 442 1260; x_wconf 71' lang='lat' dir='ltr'>Mull:</span> <span class='ocrx_word' id='word_1_115' title='bbox 475 1223 616 1269; x_wconf 91' lang='lat' dir='ltr'>„hodie</span> <span class='ocrx_word' id='word_1_116' title='bbox 640 1221 806 1272; x_wconf 85' lang='lat' dir='ltr'>usque“.</span> <span class='ocrx_word' id='word_1_117' title='bbox 832 1243 888 1248; x_wconf 91' lang='grc'>-</span> <span class='ocrx_word' id='word_1_118' title='bbox 914 1218 1114 1260; x_wconf 73' lang='lat' dir='ltr'>Petasum</span> <span class='ocrx_word' id='word_1_119' title='bbox 1138 1222 1286 1259; x_wconf 85' lang='lat' dir='ltr'>alatum</span> <span class='ocrx_word' id='word_1_120' title='bbox 1311 1222 1474 1259; x_wconf 89' lang='lat' dir='ltr'>deorum</span> <span class='ocrx_word' id='word_1_121' title='bbox 1500 1224 1683 1260; x_wconf 87' lang='lat' dir='ltr'>nuntium</span> 
     </span>
     <span class='ocr_line' id='line_1_15' title="bbox 180 1290 1683 1341; baseline 0.001 -13"><span class='ocrx_word' id='word_1_122' title='bbox 180 1294 356 1341; x_wconf 86' lang='lat' dir='ltr'>gestasse</span> <span class='ocrx_word' id='word_1_123' title='bbox 387 1292 481 1327; x_wconf 88' lang='lat' dir='ltr'>satis</span> <span class='ocrx_word' id='word_1_124' title='bbox 514 1295 679 1328; x_wconf 80' lang='lat' dir='ltr'>constat.</span> <span class='ocrx_word' id='word_1_125' title='bbox 725 1291 877 1328; x_wconf 81' lang='lat' dir='ltr'>Petasis</span> <span class='ocrx_word' id='word_1_126' title='bbox 908 1294 1076 1328; x_wconf 88' lang='lat' dir='ltr'>utuntur</span> <span class='ocrx_word' id='word_1_127' title='bbox 1106 1291 1223 1328; x_wconf 85' lang='lat' dir='ltr'>etiam</span> <span class='ocrx_word' id='word_1_128' title='bbox 1246 1290 1484 1340; x_wconf 84' lang='lat' dir='ltr'>Amphitryo</span> <span class='ocrx_word' id='word_1_129' title='bbox 1510 1294 1548 1328; x_wconf 89' lang='lat' dir='ltr'>et</span> <span class='ocrx_word' id='word_1_130' title='bbox 1573 1291 1683 1329; x_wconf 84' lang='lat' dir='ltr'>Sosia</span> 
     </span>
     <span class='ocr_line' id='line_1_16' title="bbox 179 1359 1683 1409; baseline 0.001 -13"><span class='ocrx_word' id='word_1_131' title='bbox 179 1363 316 1409; x_wconf 89' lang='lat' dir='ltr'>utpote</span> <span class='ocrx_word' id='word_1_132' title='bbox 361 1372 524 1408; x_wconf 82' lang='lat' dir='ltr'>peregre</span> <span class='ocrx_word' id='word_1_133' title='bbox 571 1359 844 1406; x_wconf 84' lang='lat' dir='ltr'>advenientes,</span> <span class='ocrx_word' id='word_1_134' title='bbox 893 1359 961 1396; x_wconf 89' lang='lat' dir='ltr'>sed</span> <span class='ocrx_word' id='word_1_135' title='bbox 999 1362 1044 1395; x_wconf 89' lang='lat' dir='ltr'>ut</span> <span class='ocrx_word' id='word_1_136' title='bbox 1083 1362 1325 1408; x_wconf 84' lang='lat' dir='ltr'>spectatores</span> <span class='ocrx_word' id='word_1_137' title='bbox 1366 1363 1473 1396; x_wconf 85' lang='lat' dir='ltr'>certo</span> <span class='ocrx_word' id='word_1_138' title='bbox 1513 1359 1683 1409; x_wconf 87' lang='lat' dir='ltr'>quodam</span> 
     </span>
     <span class='ocr_line' id='line_1_17' title="bbox 180 1426 1683 1478; baseline 0.001 -14"><span class='ocrx_word' id='word_1_139' title='bbox 180 1429 289 1478; x_wconf 78' lang='lat' dir='ltr'>signo</span> <span class='ocrx_word' id='word_1_140' title='bbox 321 1431 554 1476; x_wconf 82' lang='lat' dir='ltr'>personatos</span> <span class='ocrx_word' id='word_1_141' title='bbox 586 1441 608 1464; x_wconf 87' lang='lat' dir='ltr'>a</span> <span class='ocrx_word' id='word_1_142' title='bbox 638 1428 741 1464; x_wconf 89' lang='lat' dir='ltr'>veris</span> <span class='ocrx_word' id='word_1_143' title='bbox 771 1428 1060 1477; x_wconf 86' lang='lat' dir='ltr'>Amphitryone</span> <span class='ocrx_word' id='word_1_144' title='bbox 1100 1430 1139 1463; x_wconf 89' lang='lat' dir='ltr'>et</span> <span class='ocrx_word' id='word_1_145' title='bbox 1170 1426 1281 1464; x_wconf 85' lang='lat' dir='ltr'>Sosia</span> <span class='ocrx_word' id='word_1_146' title='bbox 1318 1427 1609 1474; x_wconf 87' lang='lat' dir='ltr'>internoscant,</span> <span class='ocrx_word' id='word_1_147' title='bbox 1643 1428 1683 1465; x_wconf 90' lang='lat' dir='ltr'>in</span> 
     </span>
     <span class='ocr_line' id='line_1_18' title="bbox 180 1495 1680 1546; baseline 0 -13"><span class='ocrx_word' id='word_1_148' title='bbox 180 1497 368 1533; x_wconf 85' lang='lat' dir='ltr'>Mercurii</span> <span class='ocrx_word' id='word_1_149' title='bbox 398 1500 536 1546; x_wconf 81' lang='lat' dir='ltr'>petaso</span> <span class='ocrx_word' id='word_1_150' title='bbox 570 1496 682 1545; x_wconf 80' lang='lat' dir='ltr'>quasi</span> <span class='ocrx_word' id='word_1_151' title='bbox 705 1508 924 1545; x_wconf 85' lang='lat' dir='ltr'>pennarum</span> <span class='ocrx_word' id='word_1_152' title='bbox 948 1495 1137 1532; x_wconf 87' lang='lat' dir='ltr'>indicium</span> <span class='ocrx_word' id='word_1_153' title='bbox 1162 1495 1336 1543; x_wconf 74' lang='lat' dir='ltr'>pinnulae</span> <span class='ocrx_word' id='word_1_154' title='bbox 1360 1498 1462 1542; x_wconf 89' lang='lat' dir='ltr'>sunt,</span> <span class='ocrx_word' id='word_1_155' title='bbox 1487 1495 1680 1546; x_wconf 86' lang='lat' dir='ltr'>Iuppiter,</span> 
     </span>
     <span class='ocr_line' id='line_1_19' title="bbox 181 1563 1682 1614; baseline 0.001 -14"><span class='ocrx_word' id='word_1_156' title='bbox 181 1564 248 1614; x_wconf 89' lang='lat' dir='ltr'>qui</span> <span class='ocrx_word' id='word_1_157' title='bbox 286 1577 404 1601; x_wconf 85' lang='lat' dir='ltr'>aurea</span> <span class='ocrx_word' id='word_1_158' title='bbox 445 1577 587 1601; x_wconf 85' lang='lat' dir='ltr'>corona</span> <span class='ocrx_word' id='word_1_159' title='bbox 626 1568 694 1600; x_wconf 89' lang='lat' dir='ltr'>aut</span> <span class='ocrx_word' id='word_1_160' title='bbox 726 1563 949 1601; x_wconf 85' lang='lat' dir='ltr'>diademate</span> <span class='ocrx_word' id='word_1_161' title='bbox 981 1563 1144 1612; x_wconf 90' lang='lat' dir='ltr'>insignis</span> <span class='ocrx_word' id='word_1_162' title='bbox 1177 1576 1259 1599; x_wconf 91' lang='lat' dir='ltr'>esse</span> <span class='ocrx_word' id='word_1_163' title='bbox 1291 1563 1410 1610; x_wconf 90' lang='lat' dir='ltr'>solet,</span> <span class='ocrx_word' id='word_1_164' title='bbox 1444 1563 1515 1601; x_wconf 87' lang='lat' dir='ltr'>sub</span> <span class='ocrx_word' id='word_1_165' title='bbox 1545 1566 1682 1613; x_wconf 87' lang='lat' dir='ltr'>petaso</span> 
     </span>
     <span class='ocr_line' id='line_1_20' title="bbox 181 1627 1683 1679; baseline -0.001 -10"><span class='ocrx_word' id='word_1_166' title='bbox 181 1646 343 1669; x_wconf 84' lang='lat' dir='ltr'>aureum</span> <span class='ocrx_word' id='word_1_167' title='bbox 380 1627 561 1670; x_wconf 65' lang='lat' dir='ltr'>torulum</span> <span class='ocrx_word' id='word_1_168' title='bbox 592 1632 707 1679; x_wconf 85' lang='lat' dir='ltr'>gerit.</span> <span class='ocrx_word' id='word_1_169' title='bbox 773 1630 990 1678; x_wconf 73' lang='lat' dir='ltr'>„Torulus“</span> <span class='ocrx_word' id='word_1_170' title='bbox 1027 1632 1081 1668; x_wconf 89' lang='lat' dir='ltr'>ait</span> <span class='ocrx_word' id='word_1_171' title='bbox 1111 1631 1235 1667; x_wconf 87' lang='lat' dir='ltr'>Varro</span> <span class='ocrx_word' id='word_1_172' title='bbox 1267 1631 1312 1668; x_wconf 91' lang='lat' dir='ltr'>L.</span> <span class='ocrx_word' id='word_1_173' title='bbox 1345 1631 1389 1668; x_wconf 85' lang='lat' dir='ltr'>L.</span> <span class='ocrx_word' id='word_1_174' title='bbox 1422 1631 1467 1678; x_wconf 88' lang='lat' dir='ltr'>V,</span> <span class='ocrx_word' id='word_1_175' title='bbox 1505 1632 1582 1669; x_wconf 83' lang='lat'>167</span> <span class='ocrx_word' id='word_1_176' title='bbox 1620 1633 1683 1678; x_wconf 90' lang='lat' dir='ltr'>„in</span> 
     </span>
     <span class='ocr_line' id='line_1_21' title="bbox 180 1698 1682 1750; baseline -0.001 -12"><span class='ocrx_word' id='word_1_177' title='bbox 180 1701 356 1738; x_wconf 86' lang='lat' dir='ltr'>mulieris</span> <span class='ocrx_word' id='word_1_178' title='bbox 388 1701 514 1750; x_wconf 79' lang='lat' dir='ltr'>capite</span> <span class='ocrx_word' id='word_1_179' title='bbox 547 1698 750 1737; x_wconf 78' lang='lat' dir='ltr'>ornatus“.</span> <span class='ocrx_word' id='word_1_180' title='bbox 782 1720 839 1724; x_wconf 90' lang='lat'><strong>—</strong></span> <span class='ocrx_word' id='word_1_181' title='bbox 873 1700 963 1736; x_wconf 85' lang='lat'>145.</span> <span class='ocrx_word' id='word_1_182' title='bbox 997 1699 1139 1735; x_wconf 84' lang='lat' dir='ltr'>Hiatus</span> <span class='ocrx_word' id='word_1_183' title='bbox 1170 1700 1211 1735; x_wconf 86' lang='lat' dir='ltr'>in</span> <span class='ocrx_word' id='word_1_184' title='bbox 1243 1712 1401 1736; x_wconf 84' lang='lat' dir='ltr'>caesura.</span> <span class='ocrx_word' id='word_1_185' title='bbox 1448 1698 1529 1736; x_wconf 72' lang='lat' dir='ltr'>FL:</span> <span class='ocrx_word' id='word_1_186' title='bbox 1567 1700 1682 1745; x_wconf 88' lang='lat' dir='ltr'>„Am-</span> 
     </span>
     <span class='ocr_line' id='line_1_22' title="bbox 179 1765 1684 1818; baseline 0 -13"><span class='ocrx_word' id='word_1_187' title='bbox 179 1769 382 1818; x_wconf 83' lang='lat' dir='ltr'>phitruoni</span> <span class='ocrx_word' id='word_1_188' title='bbox 407 1767 600 1815; x_wconf 78' lang='lat' dir='ltr'>signmn“,</span> <span class='ocrx_word' id='word_1_189' title='bbox 626 1768 739 1805; x_wconf 82' lang='lat' dir='ltr'>Miill.</span> <span class='ocrx_word' id='word_1_190' title='bbox 770 1765 922 1816; x_wconf 71' lang='lat' dir='ltr'>„quod“</span> <span class='ocrx_word' id='word_1_191' title='bbox 950 1780 1023 1816; x_wconf 89' lang='lat' dir='ltr'>pro</span> <span class='ocrx_word' id='word_1_192' title='bbox 1045 1765 1133 1812; x_wconf 77' lang='lat' dir='ltr'>„id‘&#39;</span> <span class='ocrx_word' id='word_1_193' title='bbox 1155 1766 1339 1803; x_wconf 78' lang='lat' dir='ltr'>malebat.</span> <span class='ocrx_word' id='word_1_194' title='bbox 1357 1786 1412 1792; x_wconf 88' lang='lat'>—</span> <span class='ocrx_word' id='word_1_195' title='bbox 1433 1767 1523 1804; x_wconf 83' lang='lat'>146.</span> <span class='ocrx_word' id='word_1_196' title='bbox 1542 1768 1684 1805; x_wconf 85' lang='lat' dir='ltr'>Hiatus</span> 
     </span>
     <span class='ocr_line' id='line_1_23' title="bbox 179 1831 1681 1884; baseline -0.001 -11"><span class='ocrx_word' id='word_1_197' title='bbox 179 1838 218 1873; x_wconf 89' lang='lat' dir='ltr'>in</span> <span class='ocrx_word' id='word_1_198' title='bbox 250 1850 408 1873; x_wconf 77' lang='lat' dir='ltr'>caesura.</span> <span class='ocrx_word' id='word_1_199' title='bbox 457 1836 537 1874; x_wconf 71' lang='lat' dir='ltr'>FL:</span> <span class='ocrx_word' id='word_1_200' title='bbox 575 1837 814 1882; x_wconf 50' lang='lat' dir='ltr'>„hommem</span> <span class='ocrx_word' id='word_1_201' title='bbox 842 1855 896 1860; x_wconf 90' lang='lat'>—</span> <span class='ocrx_word' id='word_1_202' title='bbox 932 1836 1022 1872; x_wconf 82' lang='lat'>148.</span> <span class='ocrx_word' id='word_1_203' title='bbox 1056 1831 1129 1872; x_wconf 68' lang='lat' dir='ltr'>ille</span> <span class='ocrx_word' id='word_1_204' title='bbox 1160 1835 1299 1884; x_wconf 86' lang='lat' dir='ltr'>scripsi</span> <span class='ocrx_word' id='word_1_205' title='bbox 1330 1848 1402 1884; x_wconf 88' lang='lat' dir='ltr'>pro</span> <span class='ocrx_word' id='word_1_206' title='bbox 1439 1835 1542 1881; x_wconf 89' lang='lat' dir='ltr'>„illic</span> <span class='ocrx_word' id='word_1_207' title='bbox 1575 1835 1681 1883; x_wconf 82' lang='lat' dir='ltr'>est“;</span> 
     </span>
     <span class='ocr_line' id='line_1_24' title="bbox 180 1902 1682 1952; baseline 0 -11"><span class='ocrx_word' id='word_1_208' title='bbox 180 1905 309 1942; x_wconf 87' lang='lat' dir='ltr'>Luchs</span> <span class='ocrx_word' id='word_1_209' title='bbox 349 1905 388 1941; x_wconf 89' lang='lat' dir='ltr'>in</span> <span class='ocrx_word' id='word_1_210' title='bbox 420 1904 565 1941; x_wconf 89' lang='lat' dir='ltr'>Herma</span> <span class='ocrx_word' id='word_1_211' title='bbox 595 1904 670 1950; x_wconf 91' lang='lat' dir='ltr'>VI,</span> <span class='ocrx_word' id='word_1_212' title='bbox 703 1905 783 1941; x_wconf 77' lang='lat'>274</span> <span class='ocrx_word' id='word_1_213' title='bbox 829 1902 943 1952; x_wconf 76' lang='lat' dir='ltr'>,.qui“</span> <span class='ocrx_word' id='word_1_214' title='bbox 988 1904 1027 1939; x_wconf 92' lang='lat' dir='ltr'>in</span> <span class='ocrx_word' id='word_1_215' title='bbox 1065 1904 1290 1952; x_wconf 83' lang='lat' dir='ltr'>proximum</span> <span class='ocrx_word' id='word_1_216' title='bbox 1334 1915 1492 1939; x_wconf 87' lang='lat' dir='ltr'>versum</span> <span class='ocrx_word' id='word_1_217' title='bbox 1537 1904 1682 1941; x_wconf 88' lang='lat' dir='ltr'>inferre</span> 
     </span>
     <span class='ocr_line' id='line_1_25' title="bbox 180 1968 1682 2021; baseline 0 -12"><span class='ocrx_word' id='word_1_218' title='bbox 180 1973 362 2009; x_wconf 83' lang='lat' dir='ltr'>malebat.</span> <span class='ocrx_word' id='word_1_219' title='bbox 402 1992 458 1997; x_wconf 81' lang='grc'>--</span> <span class='ocrx_word' id='word_1_220' title='bbox 500 1974 590 2010; x_wconf 86' lang='lat'>149.</span> <span class='ocrx_word' id='word_1_221' title='bbox 635 1968 811 2010; x_wconf 73' lang='lat' dir='ltr'>Portum</span> <span class='ocrx_word' id='word_1_222' title='bbox 849 1972 1015 2008; x_wconf 85' lang='lat' dir='ltr'>Plautus</span> <span class='ocrx_word' id='word_1_223' title='bbox 1054 1971 1305 2020; x_wconf 72' lang='lat' dir='ltr'>geographiae</span> <span class='ocrx_word' id='word_1_224' title='bbox 1351 1984 1493 2020; x_wconf 88' lang='lat' dir='ltr'>parum</span> <span class='ocrx_word' id='word_1_225' title='bbox 1538 1985 1682 2021; x_wconf 85' lang='lat' dir='ltr'>gnarus</span> 
     </span>
     <span class='ocr_line' id='line_1_26' title="bbox 180 2036 1680 2079; baseline 0 -2"><span class='ocrx_word' id='word_1_226' title='bbox 180 2041 325 2078; x_wconf 88' lang='lat' dir='ltr'>Thebis</span> <span class='ocrx_word' id='word_1_227' title='bbox 349 2041 504 2078; x_wconf 90' lang='lat' dir='ltr'>tribuit.</span> <span class='ocrx_word' id='word_1_228' title='bbox 522 2061 579 2065; x_wconf 88' lang='lat'>——</span> <span class='ocrx_word' id='word_1_229' title='bbox 603 2036 707 2079; x_wconf 70' lang='lat' dir='ltr'>Cum</span> <span class='ocrx_word' id='word_1_230' title='bbox 738 2037 901 2078; x_wconf 64' lang='lat' dir='ltr'>laterna</span> <span class='ocrx_word' id='word_1_231' title='bbox 932 2040 1059 2076; x_wconf 90' lang='lat' dir='ltr'>noctis</span> <span class='ocrx_word' id='word_1_232' title='bbox 1093 2052 1211 2075; x_wconf 83' lang='lat' dir='ltr'>causa</span> <span class='ocrx_word' id='word_1_233' title='bbox 1243 2038 1429 2076; x_wconf 85' lang='lat' dir='ltr'>ambulat.</span> <span class='ocrx_word' id='word_1_234' title='bbox 1476 2039 1570 2076; x_wconf 90' lang='lat' dir='ltr'>Post</span> <span class='ocrx_word' id='word_1_235' title='bbox 1588 2040 1625 2077; x_wconf 91' lang='lat' dir='ltr'>h.</span> <span class='ocrx_word' id='word_1_236' title='bbox 1645 2054 1680 2077; x_wconf 85' lang='lat' dir='ltr'>v.</span> 
     </span>
     <span class='ocr_line' id='line_1_27' title="bbox 180 2106 1677 2155; baseline 0 -10"><span class='ocrx_word' id='word_1_237' title='bbox 180 2109 322 2146; x_wconf 85' lang='lat' dir='ltr'>hiatus.</span> <span class='ocrx_word' id='word_1_238' title='bbox 385 2109 534 2146; x_wconf 87' lang='lat' dir='ltr'>Camer.</span> <span class='ocrx_word' id='word_1_239' title='bbox 582 2106 702 2155; x_wconf 82' lang='lat' dir='ltr'>„huc“</span> <span class='ocrx_word' id='word_1_240' title='bbox 746 2108 876 2154; x_wconf 71' lang='lat' dir='ltr'>addit,</span> <span class='ocrx_word' id='word_1_241' title='bbox 915 2107 1062 2145; x_wconf 86' lang='lat' dir='ltr'>Ritsch.</span> <span class='ocrx_word' id='word_1_242' title='bbox 1095 2108 1135 2144; x_wconf 91' lang='lat' dir='ltr'>in</span> <span class='ocrx_word' id='word_1_243' title='bbox 1165 2107 1286 2144; x_wconf 87' lang='lat' dir='ltr'>Novis</span> <span class='ocrx_word' id='word_1_244' title='bbox 1318 2106 1412 2144; x_wconf 84' lang='lat' dir='ltr'>Exc.</span> <span class='ocrx_word' id='word_1_245' title='bbox 1450 2106 1677 2154; x_wconf 84' lang='lat' dir='ltr'>„late1·nad“</span> 
     </span>
     <span class='ocr_line' id='line_1_28' title="bbox 180 2176 1681 2226; baseline -0.002 -12"><span class='ocrx_word' id='word_1_246' title='bbox 180 2177 332 2223; x_wconf 80' lang='lat' dir='ltr'>scribit3</span> <span class='ocrx_word' id='word_1_247' title='bbox 366 2176 548 2226; x_wconf 86' lang='lat' dir='ltr'>Spengel,</span> <span class='ocrx_word' id='word_1_248' title='bbox 581 2177 709 2213; x_wconf 87' lang='lat' dir='ltr'>Plaut.</span> <span class='ocrx_word' id='word_1_249' title='bbox 741 2190 780 2226; x_wconf 91' lang='lat' dir='ltr'>p.</span> <span class='ocrx_word' id='word_1_250' title='bbox 810 2178 902 2223; x_wconf 79' lang='lat'>235,</span> <span class='ocrx_word' id='word_1_251' title='bbox 936 2177 1087 2213; x_wconf 90' lang='lat' dir='ltr'>hiatum</span> <span class='ocrx_word' id='word_1_252' title='bbox 1120 2179 1208 2212; x_wconf 86' lang='lat' dir='ltr'>ante</span> <span class='ocrx_word' id='word_1_253' title='bbox 1241 2179 1459 2212; x_wconf 85' lang='lat' dir='ltr'>extremum</span> <span class='ocrx_word' id='word_1_254' title='bbox 1493 2177 1681 2212; x_wconf 87' lang='lat' dir='ltr'>creticum</span> 
     </span>
     <span class='ocr_line' id='line_1_29' title="bbox 180 2240 1681 2289; baseline -0.001 -7"><span class='ocrx_word' id='word_1_255' title='bbox 180 2245 369 2282; x_wconf 85' lang='lat' dir='ltr'>defendit.</span> <span class='ocrx_word' id='word_1_256' title='bbox 396 2265 451 2269; x_wconf 89' lang='grc'>--</span> <span class='ocrx_word' id='word_1_257' title='bbox 481 2246 570 2282; x_wconf 86' lang='grc'><strong>150.</strong></span> <span class='ocrx_word' id='word_1_258' title='bbox 606 2245 746 2281; x_wconf 86' lang='lat' dir='ltr'>Hiatus</span> <span class='ocrx_word' id='word_1_259' title='bbox 771 2245 810 2281; x_wconf 92' lang='lat' dir='ltr'>in</span> <span class='ocrx_word' id='word_1_260' title='bbox 836 2257 994 2281; x_wconf 70' lang='lat' dir='ltr'>caesura.</span> <span class='ocrx_word' id='word_1_261' title='bbox 1037 2244 1152 2281; x_wconf 86' lang='lat' dir='ltr'>Both.</span> <span class='ocrx_word' id='word_1_262' title='bbox 1184 2242 1369 2289; x_wconf 73' lang='lat' dir='ltr'>.‚illunc“.</span> <span class='ocrx_word' id='word_1_263' title='bbox 1395 2264 1451 2268; x_wconf 90' lang='lat'>—</span> <span class='ocrx_word' id='word_1_264' title='bbox 1479 2245 1569 2280; x_wconf 92' lang='lat'>151.</span> <span class='ocrx_word' id='word_1_265' title='bbox 1594 2240 1681 2281; x_wconf 77' lang='lat' dir='ltr'>Ad-</span> 
     </span>
     <span class='ocr_line' id='line_1_30' title="bbox 181 2310 1679 2359; baseline -0.002 -8"><span class='ocrx_word' id='word_1_266' title='bbox 181 2314 286 2357; x_wconf 44' lang='lat' dir='ltr'>este&amp;</span> <span class='ocrx_word' id='word_1_267' title='bbox 318 2311 409 2359; x_wconf 73' lang='lat' dir='ltr'>erit,</span> <span class='ocrx_word' id='word_1_268' title='bbox 442 2312 666 2349; x_wconf 85' lang='lat' dir='ltr'>emendavit</span> <span class='ocrx_word' id='word_1_269' title='bbox 690 2313 920 2349; x_wconf 81' lang='lat' dir='ltr'>Palmerius.</span> <span class='ocrx_word' id='word_1_270' title='bbox 967 2312 1024 2349; x_wconf 88' lang='lat' dir='ltr'>Cf.</span> <span class='ocrx_word' id='word_1_271' title='bbox 1052 2313 1210 2349; x_wconf 90' lang='lat' dir='ltr'>Terent.</span> <span class='ocrx_word' id='word_1_272' title='bbox 1236 2310 1359 2347; x_wconf 88' lang='lat' dir='ltr'>Andr.</span> <span class='ocrx_word' id='word_1_273' title='bbox 1387 2311 1459 2347; x_wconf 77' lang='lat'>24:</span> <span class='ocrx_word' id='word_1_274' title='bbox 1498 2311 1679 2357; x_wconf 83' lang='lat' dir='ltr'>„Favete,</span> 
     </span>
     <span class='ocr_line' id='line_1_31' title="bbox 181 2378 1679 2430; baseline -0.001 -12"><span class='ocrx_word' id='word_1_275' title='bbox 181 2381 315 2418; x_wconf 83' lang='lat' dir='ltr'>adeste</span> <span class='ocrx_word' id='word_1_276' title='bbox 355 2394 466 2429; x_wconf 88' lang='lat' dir='ltr'>aequo</span> <span class='ocrx_word' id='word_1_277' title='bbox 506 2381 636 2417; x_wconf 80' lang='lat' dir='ltr'>animo</span> <span class='ocrx_word' id='word_1_278' title='bbox 676 2384 714 2417; x_wconf 91' lang='lat' dir='ltr'>et</span> <span class='ocrx_word' id='word_1_279' title='bbox 752 2393 833 2417; x_wconf 89' lang='lat' dir='ltr'>rem</span> <span class='ocrx_word' id='word_1_280' title='bbox 873 2380 1123 2430; x_wconf 57' lang='lat' dir='ltr'>cognosciteh</span> <span class='ocrx_word' id='word_1_281' title='bbox 1161 2383 1199 2416; x_wconf 83' lang='lat' dir='ltr'>et</span> <span class='ocrx_word' id='word_1_282' title='bbox 1232 2379 1373 2416; x_wconf 87' lang='lat' dir='ltr'>omisso</span> <span class='ocrx_word' id='word_1_283' title='bbox 1409 2378 1586 2424; x_wconf 69' lang='lat' dir='ltr'>„ani1no“</span> <span class='ocrx_word' id='word_1_284' title='bbox 1623 2379 1679 2416; x_wconf 91' lang='lat' dir='ltr'>Pl.</span> 
     </span>
     <span class='ocr_line' id='line_1_32' title="bbox 180 2443 1679 2495; baseline -0.001 -10"><span class='ocrx_word' id='word_1_285' title='bbox 180 2450 287 2486; x_wconf 86' lang='lat' dir='ltr'>Trin.</span> <span class='ocrx_word' id='word_1_286' title='bbox 323 2450 394 2485; x_wconf 77' lang='lat'>22:</span> <span class='ocrx_word' id='word_1_287' title='bbox 447 2448 606 2494; x_wconf 76' lang='lat' dir='ltr'>„adeste</span> <span class='ocrx_word' id='word_1_288' title='bbox 647 2461 732 2485; x_wconf 86' lang='lat' dir='ltr'>culn</span> <span class='ocrx_word' id='word_1_289' title='bbox 771 2447 968 2485; x_wconf 74' lang='lat' dir='ltr'>silentio“.</span> <span class='ocrx_word' id='word_1_290' title='bbox 1002 2469 1057 2473; x_wconf 91' lang='lat'>—</span> <span class='ocrx_word' id='word_1_291' title='bbox 1095 2444 1199 2485; x_wconf 75' lang='lat' dir='ltr'>Erit</span> <span class='ocrx_word' id='word_1_292' title='bbox 1237 2457 1372 2495; x_wconf 67' lang='lat' dir='ltr'>Osterce</span> <span class='ocrx_word' id='word_1_293' title='bbox 1402 2443 1591 2494; x_wconf 64' lang='lat' dir='ltr'>pretimn</span> <span class='ocrx_word' id='word_1_294' title='bbox 1629 2460 1679 2484; x_wconf 90' lang='lat' dir='ltr'>sc.</span> 
     </span>
     <span class='ocr_line' id='line_1_33' title="bbox 181 2514 1679 2566; baseline -0.002 -12"><span class='ocrx_word' id='word_1_295' title='bbox 181 2517 328 2554; x_wconf 86' lang='lat' dir='ltr'>adesse.</span> <span class='ocrx_word' id='word_1_296' title='bbox 376 2516 469 2552; x_wconf 84' lang='lat' dir='ltr'>Post</span> <span class='ocrx_word' id='word_1_297' title='bbox 506 2515 724 2564; x_wconf 75' lang='lat' dir='ltr'>„pretium“</span> <span class='ocrx_word' id='word_1_298' title='bbox 760 2516 901 2563; x_wconf 78' lang='lat' dir='ltr'>hiatus,</span> <span class='ocrx_word' id='word_1_299' title='bbox 936 2520 978 2553; x_wconf 90' lang='lat' dir='ltr'>ut</span> <span class='ocrx_word' id='word_1_300' title='bbox 1010 2517 1050 2552; x_wconf 92' lang='lat' dir='ltr'>in</span> <span class='ocrx_word' id='word_1_301' title='bbox 1082 2517 1264 2566; x_wconf 83' lang='lat' dir='ltr'>proximo</span> <span class='ocrx_word' id='word_1_302' title='bbox 1298 2528 1331 2551; x_wconf 77' lang='lat' dir='ltr'>v,</span> <span class='ocrx_word' id='word_1_303' title='bbox 1364 2518 1451 2563; x_wconf 85' lang='lat' dir='ltr'>post</span> <span class='ocrx_word' id='word_1_304' title='bbox 1487 2514 1679 2560; x_wconf 79' lang='lat' dir='ltr'>„face1·e“.</span> 
     </span>
     <span class='ocr_line' id='line_1_34' title="bbox 180 2582 1681 2633; baseline -0.002 -12"><span class='ocrx_word' id='word_1_305' title='bbox 180 2585 240 2622; x_wconf 86' lang='lat' dir='ltr'>Fl.</span> <span class='ocrx_word' id='word_1_306' title='bbox 274 2585 355 2622; x_wconf 86' lang='lat' dir='ltr'>ed.:</span> <span class='ocrx_word' id='word_1_307' title='bbox 403 2585 503 2630; x_wconf 80' lang='lat' dir='ltr'>„erit</span> <span class='ocrx_word' id='word_1_308' title='bbox 533 2598 675 2633; x_wconf 84' lang='lat' dir='ltr'>operae</span> <span class='ocrx_word' id='word_1_309' title='bbox 707 2584 822 2621; x_wconf 85' lang='lat' dir='ltr'>uobis</span> <span class='ocrx_word' id='word_1_310' title='bbox 863 2583 1176 2633; x_wconf 82' lang='lat' dir='ltr'>inspectantibus</span> <span class='ocrx_word' id='word_1_311' title='bbox 1208 2584 1339 2620; x_wconf 88' lang='lat' dir='ltr'>Iouem</span> <span class='ocrx_word' id='word_1_312' title='bbox 1373 2585 1412 2619; x_wconf 87' lang='lat' dir='ltr'>et</span> <span class='ocrx_word' id='word_1_313' title='bbox 1442 2582 1681 2619; x_wconf 86' lang='lat' dir='ltr'>Mercurium</span> 
     </span>
     <span class='ocr_line' id='line_1_35' title="bbox 181 2651 1679 2698; baseline -0.001 -9"><span class='ocrx_word' id='word_1_314' title='bbox 181 2653 308 2690; x_wconf 83' lang='lat' dir='ltr'>facere</span> <span class='ocrx_word' id='word_1_315' title='bbox 340 2653 402 2690; x_wconf 89' lang='lat' dir='ltr'>hic</span> <span class='ocrx_word' id='word_1_316' title='bbox 433 2651 730 2698; x_wconf 68' lang='lat' dir='ltr'>hist1·ioniam“;</span> <span class='ocrx_word' id='word_1_317' title='bbox 772 2653 884 2689; x_wconf 82' lang='lat' dir='ltr'>nimis</span> <span class='ocrx_word' id='word_1_318' title='bbox 927 2652 1125 2689; x_wconf 70' lang='lat' dir='ltr'>audacter.</span> <span class='ocrx_word' id='word_1_319' title='bbox 1188 2652 1329 2688; x_wconf 84' lang='lat' dir='ltr'>Hiatus</span> <span class='ocrx_word' id='word_1_320' title='bbox 1368 2654 1479 2686; x_wconf 86' lang='lat' dir='ltr'>tanto</span> <span class='ocrx_word' id='word_1_321' title='bbox 1518 2664 1679 2688; x_wconf 83' lang='lat' dir='ltr'>numero</span> 
     </span>
     <span class='ocr_line' id='line_1_36' title="bbox 181 2719 1679 2770; baseline -0.001 -13"><span class='ocrx_word' id='word_1_322' title='bbox 181 2726 449 2766; x_wconf 74' lang='lat' dir='ltr'>occurrentes,</span> <span class='ocrx_word' id='word_1_323' title='bbox 495 2721 785 2770; x_wconf 75' lang='lat' dir='ltr'>qualescunque</span> <span class='ocrx_word' id='word_1_324' title='bbox 822 2724 981 2757; x_wconf 87' lang='lat' dir='ltr'>movent</span> <span class='ocrx_word' id='word_1_325' title='bbox 1020 2720 1279 2770; x_wconf 78' lang='lat' dir='ltr'>suspiciones,</span> <span class='ocrx_word' id='word_1_326' title='bbox 1328 2719 1520 2755; x_wconf 84' lang='lat' dir='ltr'>editorem</span> <span class='ocrx_word' id='word_1_327' title='bbox 1562 2719 1679 2755; x_wconf 90' lang='lat' dir='ltr'>relin-</span> 
     </span>
    </p>
   </div>
   <div class='ocr_carea' id='block_1_3' title="bbox 182 2791 504 2838">
    <p class='ocr_par' dir='ltr' id='par_1_3' title="bbox 182 2791 504 2838">
     <span class='ocr_line' id='line_1_37' title="bbox 182 2791 504 2838; baseline 0.003 -13"><span class='ocrx_word' id='word_1_328' title='bbox 182 2802 301 2838; x_wconf 89' lang='lat' dir='ltr'>quere</span> <span class='ocrx_word' id='word_1_329' title='bbox 334 2791 504 2837; x_wconf 86' lang='lat' dir='ltr'>oportet.</span> 
     </span>
    </p>
   </div>
  </div>
 </body>
</html>
