1926 3275
133 300 198 345 HI,
211 302 244 345 3,
258 300 436 336 139-151
799 298 981 334 Asinaria.
1561 301 1641 343 123

723 425 1052 480 Argyrippus

452 497 565 549 Quin
594 511 675 539 nec
707 500 841 551 caput
869 510 950 538 nec
982 510 1059 550 pes
1091 496 1281 538 sermoni
1311 495 1514 550 adparet3

132 570 223 613 Nec
255 569 360 625 quid
391 568 548 611 dicatis
578 582 659 610 nec
689 582 758 610 me
791 582 868 610 cur
898 568 1062 610 ludatis
1093 568 1203 610 scire
1235 582 1425 622 possum.

768 639 1009 682 Leonida

135 713 251 756 Satis
281 714 370 755 iam
401 712 598 755 delusum
629 725 805 764 censeo3
838 725 952 753 nunc
982 725 1075 753 rem
1105 714 1155 752 ut
1186 715 1252 753 est
1283 711 1552 766 eloquamur.

132 786 352 838 Animum,
399 785 664 839 Argyrippe,
712 783 896 826 aduorte
946 784 1026 825 sis:
1080 786 1208 837 pater
1260 797 1340 825 nos
1392 781 1506 825 ferre
1558 783 1642 825 hoc

1093 855 1221 896 iussit
1574 854 1642 889 '725

131 928 373 982 Argentum
403 928 461 970 ad
489 932 548 970 te.

720 998 1053 1052 Argyrippus

573 1070 634 1113 Ut
662 1075 858 1124 tempore
891 1073 1222 1123 opportuneque
1254 1068 1479 1111 attulistis.

768 1141 1009 1183 Leonida

133 1216 216 1258 Hic
245 1215 420 1257 inerunt
448 1214 606 1268 uiginti
636 1214 779 1255 minae
809 1213 952 1254 bonae
984 1212 1101 1254 mala
1131 1226 1267 1267 opera
1296 1217 1471 1267 partae3

133 1287 224 1329 Has
253 1287 335 1329 tibi
364 1300 442 1329 nos
472 1286 616 1340 pactis
646 1286 814 1338 legibus
847 1285 951 1326 dare
981 1285 1120 1327 iussit.

721 1357 1055 1411 Argyrippus

1133 1426 1248 1478 Quid
1276 1427 1321 1469 id
1353 1431 1418 1469 est
1448 1427 1641 1482 quaeso?

768 1499 1006 1541 Leonida

133 1573 318 1615 Noctem
346 1572 476 1614 huius
508 1576 552 1614 et
582 1585 735 1614 cenam
764 1575 812 1613 ut
842 1571 925 1612 sibi
957 1571 1094 1612 dares.

719 1643 1054 1698 Argyrippus

1110 1713 1216 1755 Iube
1248 1712 1475 1765 aduenire3

133 1787 428 1830 Meritissumo
462 1787 552 1829 eius
584 1800 695 1841 quae
725 1786 847 1828 uolet
869 1785 1089 1837 faciemus,
1116 1786 1191 1840 qui
1213 1785 1346 1827 hosce
1370 1799 1541 1827 amores
1574 1790 1642 1824 730

134 1859 318 1902 Nostros
350 1859 568 1914 dispulsos
600 1858 808 1912 conpulit.

768 1929 1003 1971 Libanus

823 2001 1031 2052 Patierin,
1062 2000 1320 2054 Aryyrv'ppe,

134 2073 310 2116 Patrem
338 2073 452 2115 hanc
483 2072 723 2127 amplexari
753 2073 905 2114 tuum?

718 2144 1053 2199 Argyrippus

932 2216 1053 2257 Haec
1082 2214 1217 2257 saciet
1246 2214 1374 2258 facile
1404 2219 1453 2257 ut
1483 2215 1639 2269 patiar.

133 2287 339 2340 Leonida,
372 2301 497 2330 curre
529 2288 732 2339 obsecro3
763 2292 933 2342 patrem
963 2288 1048 2329 huc
1081 2292 1205 2329 orato
1236 2291 1286 2328 ut
1316 2287 1480 2328 ueniat.

769 2359 1007 2401 Leonida

135 2429 229 2472 Iam
260 2430 467 2472 dudumst
496 2431 626 2472 intus.

723 2501 1056 2555 Argyrippus

645 2573 739 2614 Hac
772 2573 946 2627 quidem
977 2587 1065 2614 non
1096 2573 1228 2614 uenit.

769 2644 803 2685 L
815 2658 836 2686 e
848 2659 871 2686 o
884 2659 910 2685 n
921 2645 934 2685 i
945 2644 972 2685 d
983 2658 1008 2686 a

1247 2700 1488 2754 Angiporto

227 2814 293 2847 '722
317 2816 479 2857 necaput
526 2824 715 2847 sermones
797 2814 863 2847 '729
890 2812 1065 2847 aduenire
1090 2823 1216 2856 quaeso
1299 2812 1458 2846 731—32
1482 2809 1642 2844 Nostros

138 2868 324 2914 dispulsos
349 2869 528 2914 conpulit.
576 2868 719 2904 LEON.
746 2869 836 2904 Haec
863 2869 974 2904 faciet
997 2869 1105 2904 facile
1130 2872 1171 2903 ut
1194 2869 1317 2913 patiar
1409 2869 1476 2902 733
1501 2867 1561 2901 hic
