1926 3275
752 311 794 345 V.
822 311 1014 344 546—570.
1556 311 1637 349 287

134 455 173 492 p.
209 443 301 480 179.
348 441 447 478 Item
474 440 673 478 Charisius
703 453 743 489 p.
780 442 857 478 196
889 439 932 477 P.
964 454 1008 470 Ξ
1041 440 1117 476 221
1152 438 1201 475 Κ.
1233 457 1289 461 -
1323 438 1414 474 551.
1449 436 1491 473 ΐιι
1522 437 1639 473 metri

135 523 254 547 causa
286 509 376 547 add.
401 509 482 555 Fl.;
507 505 616 557 fides
647 505 702 545 sit
730 512 882 557 transp.
908 507 1024 544 Both.
1053 527 1105 531 -
1133 508 1224 544 552.
1256 502 1365 554 Quid
1394 500 1487 542 esf?
1516 506 1638 541 inter-

135 579 293 626 rogatio
323 577 578 627 indignantis,
612 577 660 614 cf.
693 578 788 614 728.
820 577 929 613 Asin.
967 577 1059 614 504.
1095 576 1187 613 654.
1236 574 1346 623 Capt.
1383 575 1475 611 572.
1517 573 1637 610 Most.

136 647 230 683 448.
258 647 352 684 952.
379 645 427 682 al.
475 645 668 683 Similiter
693 655 771 694 quo
797 642 919 682 modo
950 644 1055 680 infra
1081 644 1177 680 730.
1214 643 1305 680 590.
1343 642 1463 679 1016.
1495 641 1637 678 Pseud.

136 712 231 752 343.
268 714 388 751 1284.
435 713 558 750 Mero.
593 714 686 751 801.
717 732 774 737 —
810 713 901 767 554.
937 708 1235 749 eowmnoclmnst
1266 710 1303 747 et
1332 710 1408 746 iam
1451 711 1491 746 in
1524 708 1637 746 codd.

136 782 398 819 emendatum.
437 801 493 805 —
535 782 627 818 556.
650 779 775 828 potes
804 782 912 818 item.
946 800 1003 804 —
1045 780 1136 817 559.
1171 775 1338 816 Malu-m
1378 774 1506 826 quod,
1547 779 1572 814 i.
1607 790 1638 814 e.

135 850 283 887 malum
329 848 511 899 aliquod,
552 849 599 886 cf.
632 848 776 886 Stich:
826 848 1003 895 „Malum
1050 847 1089 884 di
1134 846 1207 883 tibi
1247 845 1361 882 dent!
1414 843 1494 882 GE.
1535 844 1642 881 Haec

135 918 272 956 eadem
310 917 407 955 dicit
446 915 563 954 tibi“.
624 916 781 954 Terent.
813 916 972 953 Phorm.
1006 917 1110 953 976:
1160 914 1334 962 „Malum
1367 912 1473 962 quod
1503 913 1570 949 isti
1601 911 1641 948 di

135 986 311 1035 deaeque
343 998 474 1022 omnes
507 982 662 1021 duint“.
709 984 816 1021 Male
847 984 925 1030 alii,
959 987 1077 1033 atque
1110 984 1227 1020 etiam
1250 981 1498 1018 Lindemann
1533 980 1640 1027 „Ma-

134 1054 234 1091 lum!
269 1050 400 1103 quod“
435 1054 737 1103 interpungunt.
769 1072 824 1076 -—
858 1053 950 1089 560.
984 1047 1097 1088 tibist
1126 1048 1170 1088 in
1199 1060 1346 1097 lucenam,
1379 1049 1404 1086 i.
1438 1062 1469 1085 e.
1502 1049 1541 1085 in
1572 1053 1641 1085 tua

135 1125 334 1171 potestate
366 1124 437 1167 est,
472 1120 518 1158 cf.
544 1120 649 1158 Poen.
679 1122 781 1157 915:
815 1121 915 1156 istuc
945 1118 1019 1156 tibi
1051 1122 1090 1155 et
1120 1122 1189 1155 tuo
1222 1130 1287 1155 ero
1320 1121 1379 1154 est
1410 1118 1449 1153 in
1479 1113 1640 1154 manu“.

135 1190 246 1226 Asin.
281 1191 347 1227 85.
381 1189 446 1226 93.
508 1188 630 1226 Merc.
666 1190 758 1226 619.
820 1187 922 1225 Rud.
957 1188 1051 1225 983.
1106 1186 1194 1223 Ter.
1226 1185 1320 1222 Hec.
1357 1187 1449 1222 667.
1510 1183 1641 1221 Etiam

136 1256 272 1295 Cicero
305 1261 344 1294 et
374 1257 524 1294 Livius.
557 1277 614 1281 --
647 1258 738 1294 566.
771 1255 917 1292 Hiatus
954 1257 995 1292 in
1034 1268 1182 1292 caesura
1219 1257 1310 1304 post
1347 1263 1452 1290 Simu.
1485 1272 1540 1276 ——
1572 1251 1642 1289 tua

136 1336 188 1363 ex
216 1336 275 1373 re,
306 1326 391 1363 i.·e.
424 1338 471 1361 ex
503 1338 549 1361 ea
580 1325 745 1370 ratione,
779 1338 856 1373 qua
887 1328 978 1361 tuas
1009 1337 1071 1360 res
1101 1323 1217 1373 gessi.
1242 1342 1299 1346 —
1326 1323 1417 1358 567.
1443 1316 1641 1370 Rogyasne

137 1389 292 1431 etiam?
337 1392 506 1442 Seyffert
543 1393 582 1429 in
613 1392 756 1430 Philol.
788 1392 943 1439 XXIX,
982 1406 1021 1442 p.
1057 1393 1136 1429 385
1170 1387 1316 1440 Rome-S·
1356 1400 1418 1426 me
1456 1389 1641 1426 Plautum

137 1461 341 1510 scripsisse
383 1460 586 1498 contendit
634 1460 830 1510 probante
867 1460 1084 1506 Lorenzio,
1124 1458 1267 1496 Philol.
1300 1457 1432 1504 XXX,
1472 1470 1511 1506 p.
1547 1457 1640 1493 607.

136 1528 202 1566 Me
233 1541 311 1565 non
341 1527 466 1578 pudet
497 1529 671 1575 nescire,
715 1541 800 1577 quae
841 1529 1023 1565 nesciam.
1060 1547 1108 1552 —-
1143 1523 1264 1564 ludos
1294 1522 1402 1574 facis
1433 1535 1516 1573 me,
1548 1525 1573 1561 i.
1608 1537 1640 1561 e.

137 1610 198 1634 me
230 1596 421 1644 ludificas,
455 1601 500 1633 ut
532 1609 636 1646 saepe
667 1595 844 1642 Plautus,
878 1596 925 1633 cf.
958 1595 1047 1632 Aul.
1081 1596 1175 1632 247.
1207 1594 1346 1631 Bacch.
1377 1594 1496 1631 1082.
1529 1592 1639 1642 Capt.

140 1666 233 1702 573.
287 1664 404 1715 Epid.
440 1667 532 1702 695.
587 1665 693 1701 Pers.
729 1665 823 1702 800.
877 1662 1019 1700 Pseud.
1058 1664 1162 1700 1165
1197 1676 1255 1712 sq.
1309 1661 1410 1698 Rud.
1446 1662 1541 1698 470.
1589 1679 1642 1684 -—

139 1734 231 1770 568.
265 1729 442 1780 Merito,
484 1734 685 1769 anacrusis
726 1746 773 1769 ex
805 1731 958 1768 duabus
989 1730 1175 1768 brevibus
1208 1733 1383 1775 constat,
1418 1732 1461 1765 ut
1491 1742 1526 1765 v.
1563 1728 1641 1765 554

137 1814 185 1837 ex
223 1813 301 1837 una
340 1800 457 1848 longa
490 1797 658 1847 (Proin).
691 1820 747 1824 —
776 1797 814 1837 Si
853 1796 897 1837 id
932 1794 1090 1847 factum
1129 1798 1208 1846 631,
1249 1799 1272 1834 i.
1307 1811 1338 1834 e.
1378 1797 1410 1833 si
1449 1800 1489 1832 te
1527 1795 1643 1832 ludos

138 1869 224 1906 feci.
287 1868 351 1905 Sic
382 1868 465 1905 cod.
499 1867 529 1904 B
561 1869 686 1918 prima
719 1881 855 1914 manu3
895 1867 1023 1904 altera
1062 1880 1183 1903 manu
1214 1866 1394 1902 additum
1426 1867 1503 1910 est,
1537 1862 1644 1912 quod

136 1936 315 1986 praebent
346 1937 465 1974 ceteri
491 1936 616 1982 codd,
644 1933 713 1983 ita,
745 1935 850 1973 unde
881 1936 1050 1972 ulterius
1076 1934 1274 1984 progressi
1302 1933 1369 1969 alii
1392 1932 1643 1981 negationem

138 2004 396 2041 addiderunt:
449 2004 505 2050 „si
545 2017 622 2040 non
660 2003 700 2040 id
739 2005 794 2040 ita
834 2002 1059 2049 factumst“,
1094 2002 1200 2052 quod
1231 2001 1349 2050 vulgo
1383 1999 1525 2037 editur.
1582 1997 1644 2035 Sic

137 2076 368 2109 tetrameter
415 2072 654 2122 completur,
701 2076 745 2108 ut
790 2085 861 2108 nos
908 2070 1103 2107 edidimus
1149 2068 1262 2106 codd.
1303 2069 1425 2105 secuti
1463 2068 1644 2103 trimeter

139 2138 328 2186 efficitur3
376 2139 444 2176 sed
489 2139 589 2176 hanc
635 2152 792 2188 quoque
832 2140 1004 2188 speciem
1047 2138 1247 2186 interponi
1286 2137 1463 2186 potuisse
1502 2147 1643 2183 negare

139 2221 215 2244 11011
257 2208 401 2254 ausim,
444 2207 490 2244 cf.
524 2206 669 2244 Christ.
702 2206 863 2244 Metrik.
902 2219 941 2255 p.
974 2206 1068 2243 452.
1112 2224 1160 2229 —
1212 2206 1303 2241 569.
1348 2201 1404 2240 ute]
1440 2199 1553 2251 facta
1591 2215 1642 2238 se.

140 2280 218 2322 est,
260 2288 351 2311 nam
392 2275 512 2311 etiam
551 2275 589 2311 in
629 2274 806 2311 relativis
845 2273 1050 2310 sententiis
1090 2272 1195 2321 apud
1226 2271 1413 2308 Plautum
1446 2271 1645 2307 omittitur

140 2343 303 2389 verbum
343 2342 653 2388 substantivum,
687 2346 731 2378 ut
761 2355 796 2377 v.
831 2342 925 2378 470.
962 2341 1054 2378 571.
1089 2341 1182 2376 963.
1223 2340 1332 2376 Asin.
1369 2340 1461 2375 269.
1505 2337 1642 2374 Bacch.

144 2412 245 2448 502:
283 2424 408 2460 „quae
435 2410 568 2446 futura
594 2408 792 2446 fabulo1·“.
839 2408 945 2445 Men.
969 2409 1066 2445 119:
1106 2408 1243 2454 „Nunc
1268 2407 1376 2452 adeo,
1404 2410 1448 2442 ut
1470 2406 1645 2442 facturus

143 2477 213 2525 (sc.
247 2476 370 2524 sum),
404 2476 571 2514 dicam“.
633 2477 719 2513 Mil.
754 2477 849 2513 916.
897 2475 1015 2513 Stich.
1052 2476 1144 2513 646.
1178 2475 1228 2512 al.
1289 2474 1389 2511 Enn.
1432 2477 1553 2510 satur.
1596 2473 1643 2509 fr.

141 2547 215 2584 inc.
252 2547 321 2583 10:
359 2548 583 2594 „quaerunt
613 2545 652 2580 in
683 2545 824 2592 scirpo,
858 2543 963 2580 soliti
995 2543 1102 2592 quod
1134 2543 1276 2589 dicere,
1310 2538 1497 2579 nodum“.

259 2615 350 2651 570.
383 2612 596 2649 Finiuntur
627 2611 825 2649 bacchiaci
863 2624 999 2647 versus
1039 2610 1220 2648 breviore
1252 2610 1426 2647 clausula
1460 2608 1507 2656 (v
1533 2634 1577 2639 --
1601 2634 1645 2638 —

144 2702 481 2715 vvvvvv
485 2679 515 2727 ).
575 2679 803 2729 Sequuntur
841 2679 1030 2716 trochaici
1071 2679 1263 2716 octonarii
1304 2682 1422 2727 atque
1455 2677 1552 2714 adeo
1585 2690 1645 2725 sy-

142 2753 266 2786 stema
303 2748 546 2786 trochaicum
586 2761 710 2796 usque
750 2747 799 2785 ad
839 2761 875 2784 v.
911 2749 1003 2784 578.
1066 2746 1259 2783 Fleckeis.
1300 2745 1483 2782 bacchios
1522 2746 1645 2782 conti-

143 2830 263 2853 nuare
295 2821 458 2854 conatus
490 2828 568 2852 non
599 2829 723 2864 pauca
749 2816 931 2852 mutavit.
978 2815 1012 2851 A
1036 2818 1171 2851 nostra
1195 2814 1350 2850 ratione
1375 2827 1453 2850 non
1478 2813 1645 2849 multum

144 2884 329 2921 abhorret
361 2883 543 2933 Spengel.
575 2882 704 2920 Plaut.
737 2897 776 2933 p.
813 2884 889 2921 158
922 2887 961 2919 et
992 2884 1032 2919 in
1065 2882 1261 2929 Philolog.
1294 2881 1445 2928 XXVI,
1478 2894 1515 2930 p.
1552 2881 1644 2917 721.
