1926 3275
892 490 925 530 L
936 490 985 530 ib
997 504 1096 530 anu
1107 504 1125 530 s

1037 560 1161 602 Unde
1194 562 1415 614 gentium?

835 649 1188 690 Demaenetus

316 720 385 761 Me
418 720 686 761 defraudato.

892 791 1126 832 Libanus

696 863 923 904 Maxumas
954 877 1091 916 nugas
1123 863 1237 916 agis;

315 935 440 975 Nudo
474 934 703 976 detrahere
735 935 997 975 uestimenta
1027 949 1094 975 me
1125 934 1259 975 iubes.

318 1005 571 1059 [Defrudem
600 1011 643 1047 te
677 1007 785 1059 ego?
817 1020 897 1059 age
930 1006 999 1056 sis,
1032 1010 1081 1046 tu
1112 1006 1203 1047 sine
1236 1006 1388 1059 pennis
1416 1003 1550 1057 uola]

317 1078 431 1119 Tene
464 1092 542 1131 ego
576 1076 810 1128 defrudem,
843 1078 945 1131 quoi
976 1078 1058 1131 ipsi
1088 1077 1195 1118 nihil
1227 1082 1293 1119 est
1323 1078 1367 1118 in
1397 1091 1541 1128 manu,

315 1148 408 1190 Nisi
439 1149 543 1202 quid
572 1152 621 1189 tu
652 1163 782 1201 porro
813 1164 992 1190 uxorem
1025 1149 1386 1190 defraudaueris‘?

832 1236 1187 1278 Demaenetus

317 1307 411 1357 Qua
441 1321 520 1357 me,
554 1321 639 1359 qua
668 1322 858 1359 uxorem,
890 1322 976 1360 qua
1005 1312 1054 1349 tu
1085 1322 1256 1349 seruom
1289 1307 1498 1350 Sauream

315 1379 457 1429 Potes,
490 1379 777 1431 circumduce,
809 1378 950 1431 aufer3
984 1381 1190 1433 promitto
1222 1380 1303 1422 tibi

315 1450 412 1492 Non
443 1450 691 1501 offuturum,
725 1451 761 1491 si
793 1454 837 1492 tu
866 1451 911 1492 id
941 1451 1070 1493 hodie
1103 1451 1322 1493 ecfeceris.

896 1538 1126 1580 Libanus

316 1607 471 1649 Iubeas
502 1623 589 1649 una
621 1623 753 1662 opera
784 1624 850 1650 me
882 1611 1044 1663 piscari
1074 1611 1118 1651 in
1150 1624 1263 1660 aere,

316 1678 479 1720 Uenari
510 1685 654 1722 autem
685 1683 795 1722 retez'
825 1681 968 1723 iaculo
999 1682 1044 1722 in
1075 1682 1215 1723 medio
1247 1681 1369 1722 mari.

833 1768 1184 1810 Demaenetus

317 1837 413 1878 Tibi
445 1839 663 1891 optionem
695 1840 851 1880 sumito
882 1840 1140 1891 Leonidam3

318 1908 553 1951 Fabricare
585 1910 769 1962 quiduis,
803 1911 975 1962 quiduis
1008 1912 1340 1962 comminiscere3

318 1979 518 2022 Perficito
550 1986 777 2034 argentum
809 1981 937 2022 hodie
969 1986 1017 2023 ut
1047 1982 1210 2024 habeat
1240 1982 1366 2033 filius,

317 2051 492 2093 Amicae
524 2053 639 2105 quod
671 2052 754 2093 det.

893 2124 1126 2166 Libanus

768 2195 879 2244 Quid
910 2196 973 2236 ais
1005 2200 1065 2247 tu,
1098 2196 1392 2237 Demaenete?

320 2263 447 2316 [Quid
481 2265 516 2305 si
546 2265 660 2306 forte
691 2265 735 2306 in
767 2266 947 2307 insidias
979 2267 1196 2309 deuenero
1209 2266 1246 2320 Ρ]

318 2335 412 2376 Tun
443 2336 627 2377 redimes
658 2351 738 2388 me,
771 2337 807 2377 si
837 2351 903 2378 me
935 2337 1081 2379 hostes
1112 2338 1453 2392 interceperint?

834 2423 1187 2466 Demaenetus

318 2477 555 2519 Redimam.

894 2550 1126 2592 Libanus

577 2621 682 2662 Tum
714 2626 764 2663 tu
793 2622 926 2674 igitur
957 2622 1075 2663 aliud
1108 2636 1212 2663 cura
1244 2623 1483 2677 quidlubet.

834 2704 1189 2746 Demaenetus

319 2772 410 2825 Ego
443 2787 492 2814 eo
525 2773 580 2819 ad
610 2772 764 2825 forum,
795 2776 877 2815 nisi
908 2776 1010 2828 quid
1040 2777 1120 2816 uis.

352 2927 395 2960 95
421 2926 498 2968 Qua
522 2937 579 2959 me
605 2929 682 2960 arte
708 2939 780 2970 qua
872 2929 915 2962 96
940 2927 1069 2962 Potest
1161 2931 1204 2963 97
1229 2930 1259 2963 si
1284 2929 1395 2964 hodie
1487 2931 1531 2965 99
1555 2933 1633 2964 rete

262 369 315 406 84
947 364 1068 397 Plauti
1533 364 1559 408 Ι,
1577 366 1606 402 1,
1622 365 1758 398 νῆ’-95

1715 863 1759 896 90

1713 1308 1758 1341 95

1695 1839 1760 1871 100

1694 2339 1758 2372 105
