1926 3275
259 283 309 322 39
316 283 338 321 6
913 275 1093 310 Asinaria.

259 408 523 458 significarent
554 422 575 444 a
605 408 756 444 minore
787 406 836 443 ad
868 406 992 442 maius
1022 404 1220 455 progredi,
1253 403 1358 454 quod
1383 407 1518 441 contra
1548 406 1626 450 est;
1658 416 1749 440 nam

259 478 494 528 supplicium
525 476 682 524 gravius
715 478 773 511 est
804 487 922 523 quam
952 486 1086 522 poenae.
1134 472 1245 519 Quod
1271 472 1321 509 ad
1344 485 1561 509 sermonem
1592 472 1749 518 attinet,

261 545 531 584 coniunctivus
563 541 682 581 detur
712 542 878 579 fortasse
919 540 1074 578 defendi
1112 541 1256 590 possit,
1291 537 1456 589 quidem
1485 540 1526 576 in
1555 539 1750 589 principio

259 627 393 652 versus
410 626 487 650 non
504 615 646 661 potest.
677 610 722 647 V.
748 611 828 648 480
856 605 1072 647 maledicis
1097 622 1170 659 pro
1200 605 1469 655 „maledictis“
1495 611 1600 645 recte
1624 621 1752 644 emen-

261 683 396 719 datum
436 684 507 717 est.
568 678 643 716 Sed
680 678 743 715 hic
782 691 918 715 versus
960 691 1046 715 cum
1092 676 1347 726 sequentibus
1391 676 1500 714 nullo
1547 676 1752 713 sententiae

260 763 361 787 nexu
388 749 574 794 cohaeret3
607 760 726 797 quare
751 747 810 784 Fl.
837 746 1005 796 putabat
1037 745 1229 782 excidisse
1254 758 1423 791 versum,
1457 757 1532 794 quo
1563 747 1755 781 mercator

261 819 382 855 servis
421 815 675 866 exprobaret,
717 828 799 862 eos,
840 828 887 852 ne
924 827 1058 864 poenas
1098 813 1258 860 darent,
1297 812 1432 863 fugam
1470 812 1674 860 meditari,
1714 814 1755 849 in

261 901 295 923 v.
331 886 407 923 481
443 888 574 922 autem
606 897 691 920 cum
721 882 863 920 Bothio
895 896 932 920 v.
968 879 1127 930 „erum“
1163 881 1330 919 delebat.
1391 880 1518 928 Male,
1551 894 1622 918 nec
1652 881 1755 917 enim

263 955 309 991 de
348 954 439 1003 fuga
477 953 580 989 ullus
620 955 679 988 est
716 964 855 988 sermo.
916 947 1053 988 Erum
1092 946 1273 1000 fuffl'tare
1312 953 1372 987 est
1408 950 1492 986 heri
1526 949 1755 999 adspectum

261 1024 403 1068 vitare,
428 1021 512 1058 heri
536 1021 799 1057 interventum
827 1032 1026 1066 recusare,
1059 1019 1105 1056 cf.
1133 1017 1245 1068 Capt.
1273 1019 1372 1056 539:
1403 1020 1598 1066 „minume
1622 1018 1754 1064 miror,

263 1093 294 1128 si
324 1094 363 1128 te
394 1090 537 1139 fugitat
568 1092 687 1138 atque
720 1087 852 1125 oculos
884 1084 1014 1125 tuos“.
1076 1087 1165 1125 Ter.
1197 1086 1270 1124 Ad.
1306 1088 1407 1124 872:
1445 1086 1578 1135 „illam
1611 1089 1755 1132 amant,

263 1173 322 1195 me
353 1153 564 1206 fugitant“.
611 1156 767 1193 Phorm.
792 1157 890 1193 623:
927 1155 1125 1203 „fugitans
1156 1152 1326 1192 litium“.
1375 1154 1503 1192 Plaut.
1523 1153 1635 1204 Capt.
1657 1154 1754 1191 156:

268 1227 464 1275 „fugitant
504 1226 626 1262 omnis
666 1224 766 1261 hanc
806 1220 1090 1273 prouinciam“.
1151 1223 1258 1260 Poen.
1294 1224 1393 1259 511:
1440 1222 1600 1270 „dedita
1639 1234 1759 1271 opera

265 1297 406 1332 amicos
438 1294 605 1343 fugitavi
636 1290 787 1329 senes“.
848 1291 1009 1328 Numeri
1042 1292 1197 1328 restitui
1226 1295 1401 1341 possunt,
1435 1292 1467 1328 si
1497 1304 1570 1340 pro
1602 1288 1761 1327 uosmet

268 1360 389 1412 „nos“
418 1361 613 1408 scribitur,
641 1361 703 1398 vel
728 1361 859 1410 potius
883 1370 965 1407 72263
989 1373 1078 1397 nam
1103 1374 1149 1397 ex
1177 1358 1357 1407 „nosme“
1386 1356 1582 1406 (correcto
1608 1355 1758 1404 errore)

264 1431 363 1468 illud
402 1434 529 1467 ortum
567 1429 734 1466 videtur.
795 1428 948 1465 Deletis
984 1432 1116 1465 autem
1148 1431 1338 1477 quattuor
1367 1426 1566 1473 versibus,
1598 1429 1643 1463 ut
1674 1439 1758 1463 ver-

266 1514 350 1538 sum
381 1500 460 1535 476
493 1501 681 1547 sequatur
713 1498 814 1544 481,
846 1496 945 1534 nihil
976 1497 1135 1534 omnino
1168 1496 1428 1533 desideratur.
1489 1494 1524 1532 A
1555 1507 1638 1532 voc.
1670 1490 1761 1531 Am

267 1568 309 1606 ὕει
340 1568 502 1604 alterius
539 1578 719 1616 personae
756 1565 878 1602 verba
915 1565 1086 1614 incipere
1125 1564 1323 1602 intellexit
1352 1563 1489 1610 Both.;
1521 1563 1590 1600 sed
1620 1575 1759 1612 parum

268 1639 373 1673 recte
405 1639 443 1672 et
474 1638 610 1672 contra
642 1633 752 1670 codd.
785 1646 868 1670 voc.
905 1632 1113 1681 „furcifer“
1148 1632 1239 1669 inde
1271 1633 1449 1669 avulsum
1480 1645 1566 1668 cum
1598 1644 1761 1680 sequen-

267 1704 372 1741 tibus
404 1704 543 1740 iunxit.

384 1773 477 1808 482.
510 1766 567 1807 Ee?
603 1783 675 1819 pro
713 1772 744 1816 i,
784 1771 1018 1819 imperativo
1057 1768 1169 1806 verbi
1209 1768 1344 1815 eundi,
1391 1770 1533 1817 saepius
1579 1766 1763 1804 scribitur

269 1842 308 1877 in
340 1840 389 1887 B,
421 1844 466 1876 ut
496 1839 569 1888 Ep.
603 1840 696 1876 703.
736 1838 841 1875 Men.
876 1839 969 1875 425.
1005 1839 1097 1874 723.
1129 1837 1249 1874 Mero.
1285 1838 1377 1874 278.
1413 1838 1505 1874 299.
1541 1836 1634 1873 735.
1668 1835 1762 1872 775.

269 1909 358 1945 Ter.
376 1907 475 1944 Eun.
499 1908 574 1943 139
593 1906 768 1943 Bembin.
786 1905 943 1943 EIREI.
963 1905 1009 1942 cf.
1022 1905 1128 1943 Prol.
1147 1918 1185 1954 p.
1201 1906 1294 1942 212.
1313 1925 1366 1930 -—
1384 1905 1478 1941 483.
1499 1904 1632 1941 tamen
1649 1902 1762 1940 codd.

270 1977 447 2026 neglecta
462 1975 671 2024 positione.
692 1974 807 2011 Both.
826 1974 883 2010 Fl.
907 1971 1052 2021 „tam“,
1066 1976 1226 2010 temere.
1242 1974 1402 2010 —485.
1420 1972 1489 2019 Tu,
1509 1974 1651 2021 inquit,
1670 1970 1765 2007 mihi

272 2043 548 2082 contumeliam
578 2042 716 2088 fecisti,
751 2041 856 2091 quod
888 2042 983 2078 mihi
1016 2041 1173 2078 credere
1205 2041 1387 2087 noluisti;
1420 2054 1511 2077 num
1539 2043 1597 2077 est
1622 2040 1765 2076 mirum

272 2126 332 2149 me
363 2112 435 2149 tibi
466 2109 727 2147 maledicere?
758 2130 812 2136 —
845 2111 939 2146 487.
975 2106 1226 2158 Pra0f280im
1258 2109 1350 2146 olim
1382 2108 1648 2155 emendatum3
1680 2107 1704 2144 i.
1732 2120 1763 2143 e.

273 2181 372 2217 absit
403 2179 562 2216 invidia.
610 2178 856 2215 Verebantur
882 2178 1046 2227 antiqui,
1081 2191 1128 2214 ne
1159 2177 1296 2214 laudes
1327 2177 1544 2214 immodicae
1576 2175 1765 2212 invidiam

273 2252 475 2286 moverent
520 2247 736 2296 fascinique
780 2246 925 2282 malum
971 2246 1230 2283 attraherent.
1291 2245 1426 2283 Lamb.
1467 2244 1618 2282 confert
1648 2243 1765 2291 Verg.

272 2318 365 2355 Buc.
400 2319 436 2363 7,
471 2317 520 2353 27
555 2328 631 2364 sq.:
685 2315 789 2361 „Aut
821 2315 852 2351 si
883 2314 989 2351 ultra
1020 2315 1213 2364 placitum
1244 2313 1437 2360 laudarit,
1469 2313 1631 2350 baccare
1662 2311 1766 2348 fron-

273 2390 351 2422 tem
384 2385 557 2432 Cingitc,
597 2397 645 2420 ne
683 2384 763 2420 vati
802 2386 943 2419 noceat
980 2383 1084 2419 mala
1121 2382 1257 2430 lingua
1295 2379 1469 2419 futuro“.
1529 2381 1575 2418 In
1613 2379 1685 2417 hac
1725 2392 1768 2416 re

273 2454 346 2491 hoc
377 2453 567 2489 vocabulo
599 2452 657 2489 uti
689 2451 880 2497 solebant,
913 2451 992 2488 vid.
1020 2450 1121 2488 Rud.
1149 2451 1242 2487 461.
1290 2450 1459 2487 Titinius
1490 2448 1595 2498 apud
1619 2447 1767 2486 Charis.

274 2536 311 2571 p.
350 2523 423 2557 189
458 2521 506 2557 P:
554 2520 646 2559 ..Pol
685 2524 728 2556 tu
769 2519 819 2556 ad
856 2519 1011 2556 laudem
1051 2518 1187 2555 addito
1219 2515 1473 2564 Praefiscini*‘,
1506 2517 1555 2554 ad
1587 2529 1672 2565 quae
1704 2529 1767 2552 ex-

275 2589 447 2639 plicandi
480 2602 597 2625 causa
635 2588 835 2624 Charisius
866 2586 995 2624 addit:
1033 2600 1105 2635 „ne
1136 2587 1269 2636 puella
1298 2583 1550 2623 fascinetur“.
1611 2584 1767 2633 Apulei.

276 2657 381 2693 Flor.
415 2656 483 2702 111,
517 2658 563 2692 14⁴»
597 2659 693 2692 extr.
731 2654 971 2705 „praefiscine
1004 2652 1211 2693 dixerim“.
1258 2654 1485 2692 Extremam
1516 2654 1622 2691 vocis
1653 2652 1768 2701 sylla-

277 2724 363 2760 bam
402 2728 486 2759 tum
525 2737 596 2773 pei·
636 2735 654 2760 (3
692 2727 774 2760 tum
813 2737 884 2773 per
924 2721 937 2760 ι’
968 2725 1155 2772 scriptam
1193 2737 1277 2760 esse
1322 2726 1493 2760 testatur
1532 2720 1682 2759 Gellius
1719 2719 1767 2766 X,

279 2792 349 2837 2—1,
385 2794 420 2827 8.
453 2811 507 2815 —-
540 2792 631 2827 488.
664 2788 851 2828 Athenis.
912 2791 960 2828 H.
995 2805 1030 2827 v.
1063 2792 1179 2828 metri
1217 2791 1452 2828 restituendi
1492 2802 1607 2827 causa
1644 2792 1768 2826 trans-

278 2860 406 2908 posuit
433 2858 546 2895 Both.
580 2879 633 2882 —
666 2860 758 2895 189.
794 2854 1013 2896 Emffccssis
1045 2858 1170 2905 codd,
1202 2859 1314 2896 Both.
1345 2858 1405 2895 Fl.
1442 2853 1689 2905 „Fortasse“.
1715 2876 1770 2880 —
