1926 3275
862 353 904 388 v.
931 354 1053 388 5—15.
1630 358 1712 398 353

408 483 562 522 Nomen
593 483 821 521 Trinummo
853 483 966 531 fecit,
998 497 1100 521 nunc
1131 496 1202 520 uos
1233 482 1307 520 hoc
1338 486 1467 531 rogat,

409 552 464 590 Ut
493 553 611 589 liceat
640 551 844 601 possidere
875 551 978 588 hanc
1007 565 1149 588 nomen
1180 550 1366 588 fabulam.

198 619 283 658 Sed
314 621 383 670 qui
414 620 609 658 Asinariae
641 620 848 669 prologum
881 620 1121 670 composuit,
1162 623 1201 656 et
1238 619 1278 656 in
1315 618 1474 656 brevius
1515 621 1713 658 contraxit

201 692 242 726 et
279 688 464 726 Plautum
504 688 581 725 alio
621 689 778 725 nomine
817 687 1048 737 appellavit.
1109 687 1155 724 In
1194 687 1305 725 codd.
1338 683 1513 726 Ilffcwcus
1550 689 1708 739 legitur,

202 769 291 806 quae
315 756 502 794 Atellana
527 769 698 807 persona
729 758 798 802 est,
831 755 1032 793 Romanus
1063 755 1178 792 homo
1211 769 1296 792 esse
1328 768 1406 792 non
1436 759 1582 806 potest.
1629 758 1735 795 An-.

198 825 304 875 tiqui
350 825 541 872 editores,
590 825 658 874 qui
697 824 752 861 M.
793 823 956 860 Accium
994 823 1178 861 Plautum
1224 823 1491 873 usurpabant,
1533 822 1711 863 Marcus

139 894 142 897 ’
198 894 456 942 scripserunt,
490 892 560 930 sed
591 892 674 929 solo
706 892 957 942 praenomine,
993 892 1100 941 quod
1131 893 1285 941 ingenti
1317 891 1521 929 hominum
1545 907 1708 931 numero

196 974 408 999 commune
440 964 544 1008 erat,
577 964 698 1010 poeta
729 961 827 997 satis
859 959 1074 1008 significari
1106 973 1185 997 non
1223 963 1368 1009 potest.
1431 960 1592 998 Rectius
1623 961 1709 999 Rit-

197 1029 373 1066 schelius
401 1025 608 1076 Maccius,
640 1028 704 1065 vel
733 1029 869 1078 potius
896 1025 1081 1076 Μασίῑιε,
1115 1028 1220 1078 quod
1254 1032 1292 1064 et
1325 1042 1347 1065 a
1379 1028 1552 1066 codicum
1587 1030 1709 1079 scrip-

199 1100 295 1134 tura
338 1098 468 1134 minus
516 1096 684 1134 discedit
727 1109 800 1133 nec
844 1109 916 1146 per
956 1110 996 1133 se
1037 1096 1237 1134 diversum
1276 1099 1355 1142 est3
1395 1109 1487 1133 nam
1525 1097 1711 1135 Plautina

196 1169 322 1202 aetate
356 1168 618 1203 consonantes
650 1177 728 1200 non
759 1164 1070 1212 geminabantur,
1105 1165 1151 1202 cf.
1185 1178 1307 1214 supra
1337 1178 1375 1214 p.
1405 1165 1496 1201 144.
1543 1165 1711 1202 Accedit

200 1233 318 1270 metri
346 1234 472 1281 ratio,
514 1234 606 1282 quia
643 1245 786 1281 parum
823 1232 955 1282 placet
992 1232 1228 1270 vocabulum
1268 1232 1505 1281 dactylicum
1544 1233 1709 1270 trochaei

194 1301 287 1338 loco
318 1302 510 1351 positum3
543 1301 590 1338 cf.
616 1300 822 1347 Biicheler,
854 1300 955 1338 Nov.
989 1301 1119 1338 annal.
1152 1301 1248 1350 phil.
1273 1300 1430 1348 XCVII,
1462 1314 1501 1350 p.
1537 1302 1616 1338 217
1650 1315 1707 1351 sq.

199 1389 256 1394 -—
289 1365 474 1417 barbare,
507 1369 533 1406 i.
567 1382 599 1406 e.
634 1368 789 1405 Latine.
851 1367 1029 1406 Graecum
1063 1368 1299 1406 vocabulum
1330 1368 1465 1406 eadem
1496 1370 1534 1406 vi
1564 1372 1708 1418 posuit,

197 1450 280 1487 qua
320 1436 448 1474 Graeci
491 1437 761 1486 usurpabant,
809 1439 855 1473 ut
900 1436 1143 1485 significaret
1188 1451 1295 1483 eum,
1344 1438 1411 1486 qui
1455 1450 1534 1474 non
1574 1437 1709 1475 Graece

139 1551 143 1554 .
197 1505 442 1554 loqueretur,
475 1519 510 1542 v.
544 1505 652 1541 Trin.
691 1506 754 1542 19.
797 1504 918 1542 Stich.
956 1507 1047 1543 190.
1089 1505 1229 1542 Bacch.
1267 1506 1365 1542 127:
1405 1505 1601 1551 „barbaro
1634 1506 1707 1542 Po-

199 1571 332 1620 titi0“,
370 1574 395 1611 i.
430 1587 462 1611 e.
496 1573 652 1610 Latino.
715 1573 799 1610 Mil.
835 1574 936 1610 213:
981 1576 1147 1622 „poetae
1186 1571 1396 1620 barbaro“,
1435 1574 1459 1610 i.
1494 1587 1525 1611 e.
1558 1574 1706 1621 Naevio,

198 1639 312 1690 Capt.
347 1641 449 1679 490:
494 1640 727 1688 „barbarica
756 1639 883 1691 lege“.
947 1642 1047 1679 877:
1094 1641 1343 1688 „barbaricas
1381 1639 1538 1678 urbes“.
1600 1642 1706 1679 Poen.

199 1709 304 1746 601:
347 1707 599 1756 „ba1·baria“.
662 1709 759 1747 Cato
799 1723 861 1760 ap.
894 1709 996 1746 Plin.
1030 1709 1132 1746 Hist.
1165 1710 1257 1747 Nat.
1289 1709 1443 1757 XXIX,
1481 1711 1521 1756 l,
1556 1711 1598 1756 7,
1637 1711 1706 1756 143

195 1779 321 1825 atque
362 1777 479 1813 etiam
518 1777 673 1824 Cicero,
715 1777 822 1815 Orat.
857 1778 929 1824 48,
975 1778 1074 1815 160:
1126 1777 1329 1825 „barbaris
1369 1775 1565 1815 casibus“.
1627 1778 1709 1816 Nec

199 1843 398 1881 Romanos
430 1845 511 1882 tale
543 1845 732 1894 loquendi
763 1859 886 1895 genus
920 1844 1153 1892 offendebat,
1181 1859 1420 1895 quamquam
1444 1859 1523 1883 non
1547 1846 1710 1883 fallebat

194 1925 286 1959 003,
328 1912 444 1950 rudes
485 1927 617 1951 omnes
658 1913 848 1951 barbaros
889 1912 1036 1950 Graecis
1075 1913 1222 1961 videri,
1262 1928 1298 1951 v.
1332 1914 1473 1952 Bacch.
1512 1915 1610 1952 118:
1662 1927 1708 1961 „o

198 1979 331 2028 Lyde,
373 1993 412 2018 es
444 1980 656 2028 barbarus,
696 1981 818 2027 Quem
850 1994 921 2030 ego
954 1994 1093 2030 sapere
1132 1983 1252 2019 nimio
1292 1983 1426 2019 censui
1462 1982 1552 2032 plus
1591 1996 1707 2031 quam

200 2046 405 2086 Thalem“.
437 2068 495 2074 -—
529 2051 591 2086 12.
626 2046 713 2087 uoh‘
742 2050 929 2099 praesenti
966 2052 1165 2099 tempore,
1207 2054 1252 2087 ut
1299 2048 1462 2098 „rogat“
1499 2050 1606 2087 Trin.
1642 2052 1707 2097 20,

135 2124 139 2128 '
196 2116 316 2165 quasi
354 2117 478 2166 ipsius
509 2121 638 2167 poetae
672 2121 712 2154 et
741 2118 822 2154 vivi
854 2119 974 2155 etiam
1005 2132 1107 2155 nunc
1137 2120 1294 2156 nomine
1326 2118 1407 2155 haec
1438 2119 1706 2167 proferantur.

199 2204 255 2208 —
291 2185 354 2221 14.
389 2182 481 2223 date
507 2181 678 2235 benique
704 2195 871 2234 operam
894 2183 1009 2223 milei.
1053 2186 1229 2236 Geppert
1256 2187 1504 2236 comparavit
1526 2186 1611 2223 Mil.
1633 2188 1705 2224 SO:

200 2252 262 2298 „si
295 2252 346 2289 ad
377 2252 682 2290 auscultandum
713 2256 851 2290 uostra
882 2255 959 2290 erit
988 2252 1256 2304 benignitas“.
1284 2275 1337 2279 ·—
1363 2254 1460 2291 Post
1489 2253 1593 2291 hunc
1624 2267 1707 2290 ver-

200 2332 287 2356 sum
326 2319 504 2369 Geppert
541 2320 691 2358 lacunae
733 2322 887 2370 signum
925 2323 1058 2371 posuit
1097 2322 1256 2359 brevem
1295 2322 1518 2371 argumenti
1556 2321 1707 2358 indica-

199 2388 348 2424 tionem
380 2401 427 2424 ex
457 2401 493 2425 v.
529 2389 550 2425 8
584 2390 812 2438 requirens3
856 2389 925 2426 sed
964 2393 1071 2427 recte
1102 2390 1347 2437 intelligenti
1379 2390 1448 2426 illa
1478 2389 1601 2426 verba
1632 2402 1707 2426 non

200 2457 423 2502 argumenti
470 2457 738 2493 narrationem
776 2457 1039 2507 promittunt,
1087 2458 1157 2494 sed
1203 2458 1430 2494 narratione
1478 2471 1576 2507 opus
1623 2471 1708 2495 esse

199 2527 359 2571 negant.
400 2543 457 2548 —
499 2525 560 2561 15.
593 2523 781 2561 Extremo
821 2538 938 2562 versu
977 2525 1163 2575 prologus
1203 2525 1304 2562 bene
1351 2528 1465 2575 optat
1504 2525 1705 2572 Romanis,

200 2591 369 2628 maxime
401 2595 445 2628 ut
477 2592 523 2629 iis
554 2592 650 2629 belli
681 2592 842 2629 fortuna
874 2592 989 2640 adsit,
1024 2593 1070 2630 cf.
1105 2593 1238 2631 Cistel.
1278 2594 1376 2630 104:
1416 2593 1545 2640 „Bene
1576 2594 1707 2632 ualete

199 2662 240 2696 et
270 2659 416 2697 uincite
440 2659 602 2697 Uirtute
627 2673 733 2706 uera,
761 2659 867 2710 quod
890 2660 1038 2698 fecistis
1063 2661 1248 2699 antidhac
1273 2659 1388 2698 etc.“.
1429 2661 1557 2699 Casili.
1579 2663 1629 2699 87
1649 2676 1705 2712 sq.

198 2726 355 2776 Captiv.
377 2729 426 2764 67
445 2741 503 2777 sq.
522 2748 578 2752 -
603 2724 656 2767 Ut
680 2757 687 2765 .
709 2758 717 2765 .
737 2757 767 2776 .,
789 2726 952 2777 pariter
977 2730 1142 2779 ponitur
1167 2733 1211 2766 ut
1238 2729 1333 2766 alibi
1364 2732 1432 2776 „ut
1458 2759 1465 2766 .
1488 2759 1494 2767 .
1516 2760 1545 2777 .,
1572 2729 1704 2767 ite1n“.

198 2794 318 2840 Quod
348 2795 421 2832 hoc
451 2795 537 2832 loco
569 2796 719 2844 legitur
751 2793 845 2834 item
876 2797 1053 2834 relativae
1085 2798 1288 2834 sentcntiae
1323 2798 1614 2848 interpositum,
1649 2801 1708 2835 est

196 2861 429 2900 -Graecorum
470 2864 547 2911 καὶ,
589 2864 857 2902 Romanorum
901 2863 1087 2912 „etiam“,
1128 2880 1171 2903 ac
1210 2866 1338 2903 nescio
1379 2879 1427 2902 an
1465 2865 1539 2903 hoc
1578 2866 1707 2914 ipsum

1390 2941 1433 2974 23
