<?xml version="1.0" encoding="UTF-8"?>
<!DOCTYPE html PUBLIC "-//W3C//DTD XHTML 1.0 Transitional//EN"
    "http://www.w3.org/TR/xhtml1/DTD/xhtml1-transitional.dtd">
<html xmlns="http://www.w3.org/1999/xhtml" xml:lang="en" lang="en">
 <head>
  <title>
</title>
<meta http-equiv="Content-Type" content="text/html;charset=utf-8" />
  <meta name='ocr-system' content='tesseract 3.04.00' />
  <meta name='ocr-capabilities' content='ocr_page ocr_carea ocr_par ocr_line ocrx_word'/>
</head>
<body>
  <div class='ocr_page' id='page_1' title='image "./comoediaerecensv01plauuoft_0041.png"; bbox 0 0 1926 3275; ppageno 0'>
   <div class='ocr_carea' id='block_1_1' title="bbox 116 297 1619 357">
    <p class='ocr_par' dir='ltr' id='par_1_1' title="bbox 116 297 1619 357">
     <span class='ocr_line' id='line_1_1' title="bbox 116 297 1619 357; baseline -0.003 -9"><span class='ocrx_word' id='word_1_1' title='bbox 116 315 142 357; x_wconf 88' lang='grc'>1,</span> <span class='ocrx_word' id='word_1_2' title='bbox 164 317 192 356; x_wconf 86' lang='grc'>1,</span> <span class='ocrx_word' id='word_1_3' title='bbox 208 315 388 348; x_wconf 71' lang='lat'>242—259</span> <span class='ocrx_word' id='word_1_4' title='bbox 750 313 984 357; x_wconf 72' lang='lat' dir='ltr'>Amphitruo.</span> <span class='ocrx_word' id='word_1_5' title='bbox 1013 297 1018 301; x_wconf 77' lang='grc'>’</span> <span class='ocrx_word' id='word_1_6' title='bbox 1568 316 1619 353; x_wconf 74' lang='lat'>25</span> 
     </span>
    </p>
   </div>
   <div class='ocr_carea' id='block_1_2' title="bbox 116 439 1458 566">
    <p class='ocr_par' dir='ltr' id='par_1_2' title="bbox 116 439 1458 566">
     <span class='ocr_line' id='line_1_2' title="bbox 720 439 1019 481; baseline -0.003 0"><span class='ocrx_word' id='word_1_7' title='bbox 720 439 1019 481; x_wconf 87' lang='lat' dir='ltr'>Mercurius</span> 
     </span>
     <span class='ocr_line' id='line_1_3' title="bbox 116 511 1458 566; baseline -0.001 -12"><span class='ocrx_word' id='word_1_8' title='bbox 116 513 179 554; x_wconf 93' lang='lat' dir='ltr'>Tu</span> <span class='ocrx_word' id='word_1_9' title='bbox 210 527 277 554; x_wconf 91' lang='lat' dir='ltr'>me</span> <span class='ocrx_word' id='word_1_10' title='bbox 309 513 434 554; x_wconf 90' lang='lat' dir='ltr'>uiuos</span> <span class='ocrx_word' id='word_1_11' title='bbox 465 512 593 554; x_wconf 85' lang='lat' dir='ltr'>hodie</span> <span class='ocrx_word' id='word_1_12' title='bbox 625 526 860 566; x_wconf 85' lang='lat' dir='ltr'>numquam</span> <span class='ocrx_word' id='word_1_13' title='bbox 891 512 1038 563; x_wconf 82' lang='lat' dir='ltr'>facies,</span> <span class='ocrx_word' id='word_1_14' title='bbox 1073 512 1177 566; x_wconf 89' lang='lat' dir='ltr'>quin</span> <span class='ocrx_word' id='word_1_15' title='bbox 1210 511 1290 552; x_wconf 89' lang='lat' dir='ltr'>sim</span> <span class='ocrx_word' id='word_1_16' title='bbox 1323 511 1458 553; x_wconf 83' lang='lat' dir='ltr'>Sosia.</span> 
     </span>
    </p>
   </div>
   <div class='ocr_carea' id='block_1_3' title="bbox 114 599 1622 870">
    <p class='ocr_par' dir='ltr' id='par_1_3' title="bbox 114 599 1622 870">
     <span class='ocr_line' id='line_1_4' title="bbox 792 599 944 641; baseline -0.007 0"><span class='ocrx_word' id='word_1_17' title='bbox 792 599 944 641; x_wconf 84' lang='lat' dir='ltr'>Sosia</span> 
     </span>
     <span class='ocr_line' id='line_1_5' title="bbox 117 671 1622 726; baseline -0.002 -13"><span class='ocrx_word' id='word_1_18' title='bbox 117 671 244 713; x_wconf 80' lang='lat' dir='ltr'>Certe</span> <span class='ocrx_word' id='word_1_19' title='bbox 271 672 424 726; x_wconf 79' lang='lat' dir='ltr'>edepol</span> <span class='ocrx_word' id='word_1_20' title='bbox 447 677 494 713; x_wconf 90' lang='lat' dir='ltr'>tu</span> <span class='ocrx_word' id='word_1_21' title='bbox 519 687 588 713; x_wconf 90' lang='lat' dir='ltr'>me</span> <span class='ocrx_word' id='word_1_22' title='bbox 614 672 825 713; x_wconf 80' lang='lat' dir='ltr'>alienabis</span> <span class='ocrx_word' id='word_1_23' title='bbox 850 685 1097 725; x_wconf 88' lang='lat' dir='ltr'>numquam,</span> <span class='ocrx_word' id='word_1_24' title='bbox 1117 671 1221 725; x_wconf 89' lang='lat' dir='ltr'>quin</span> <span class='ocrx_word' id='word_1_25' title='bbox 1238 674 1387 712; x_wconf 89' lang='lat' dir='ltr'>noster</span> <span class='ocrx_word' id='word_1_26' title='bbox 1404 671 1528 722; x_wconf 74' lang='lat' dir='ltr'>siem,</span> <span class='ocrx_word' id='word_1_27' title='bbox 1556 677 1622 710; x_wconf 84' lang='lat'>395</span> 
     </span>
     <span class='ocr_line' id='line_1_6' title="bbox 114 742 1469 798; baseline -0.001 -13"><span class='ocrx_word' id='word_1_28' title='bbox 114 743 205 786; x_wconf 89' lang='lat' dir='ltr'>Nec</span> <span class='ocrx_word' id='word_1_29' title='bbox 235 744 362 786; x_wconf 88' lang='lat' dir='ltr'>nobis</span> <span class='ocrx_word' id='word_1_30' title='bbox 393 748 568 798; x_wconf 83' lang='lat' dir='ltr'>praeter</span> <span class='ocrx_word' id='word_1_31' title='bbox 599 759 666 785; x_wconf 92' lang='lat' dir='ltr'>me</span> <span class='ocrx_word' id='word_1_32' title='bbox 700 745 972 798; x_wconf 80' lang='lat' dir='ltr'>quisquamst</span> <span class='ocrx_word' id='word_1_33' title='bbox 1005 743 1116 784; x_wconf 88' lang='lat' dir='ltr'>alius</span> <span class='ocrx_word' id='word_1_34' title='bbox 1149 757 1299 784; x_wconf 87' lang='lat' dir='ltr'>seruos</span> <span class='ocrx_word' id='word_1_35' title='bbox 1333 742 1469 791; x_wconf 83' lang='lat' dir='ltr'>Sosia,</span> 
     </span>
     <span class='ocr_line' id='line_1_7' title="bbox 117 816 1447 870; baseline -0.001 -13"><span class='ocrx_word' id='word_1_36' title='bbox 117 816 199 867; x_wconf 82' lang='lat' dir='ltr'>Qui</span> <span class='ocrx_word' id='word_1_37' title='bbox 231 831 327 858; x_wconf 89' lang='lat' dir='ltr'>cum</span> <span class='ocrx_word' id='word_1_38' title='bbox 358 816 673 870; x_wconf 73' lang='lat' dir='ltr'>Amphitruone</span> <span class='ocrx_word' id='word_1_39' title='bbox 706 817 805 857; x_wconf 90' lang='lat' dir='ltr'>hinc</span> <span class='ocrx_word' id='word_1_40' title='bbox 836 830 922 857; x_wconf 87' lang='lat' dir='ltr'>una</span> <span class='ocrx_word' id='word_1_41' title='bbox 951 816 1089 857; x_wconf 86' lang='lat' dir='ltr'>ieram</span> <span class='ocrx_word' id='word_1_42' title='bbox 1120 816 1164 857; x_wconf 91' lang='lat' dir='ltr'>in</span> <span class='ocrx_word' id='word_1_43' title='bbox 1198 816 1447 857; x_wconf 74' lang='lat' dir='ltr'>exercitum.</span> 
     </span>
    </p>
   </div>
   <div class='ocr_carea' id='block_1_4' title="bbox 60 903 1622 2069">
    <p class='ocr_par' dir='ltr' id='par_1_4' title="bbox 60 903 1622 2069">
     <span class='ocr_line' id='line_1_8' title="bbox 720 903 1018 945; baseline 0.003 -1"><span class='ocrx_word' id='word_1_44' title='bbox 720 903 1018 945; x_wconf 86' lang='lat' dir='ltr'>Mercurius</span> 
     </span>
     <span class='ocr_line' id='line_1_9' title="bbox 116 975 747 1017; baseline 0.002 -1"><span class='ocrx_word' id='word_1_45' title='bbox 116 975 199 1016; x_wconf 88' lang='lat' dir='ltr'>Hic</span> <span class='ocrx_word' id='word_1_46' title='bbox 229 975 356 1017; x_wconf 87' lang='lat' dir='ltr'>homo</span> <span class='ocrx_word' id='word_1_47' title='bbox 390 990 520 1017; x_wconf 89' lang='lat' dir='ltr'>sanus</span> <span class='ocrx_word' id='word_1_48' title='bbox 551 990 638 1017; x_wconf 90' lang='lat' dir='ltr'>non</span> <span class='ocrx_word' id='word_1_49' title='bbox 670 980 747 1017; x_wconf 84' lang='lat' dir='ltr'>est.</span> 
     </span>
     <span class='ocr_line' id='line_1_10' title="bbox 791 1062 945 1104; baseline 0 0"><span class='ocrx_word' id='word_1_50' title='bbox 791 1062 945 1104; x_wconf 83' lang='lat' dir='ltr'>Sosia</span> 
     </span>
     <span class='ocr_line' id='line_1_11' title="bbox 729 1134 1619 1189; baseline -0.002 -13"><span class='ocrx_word' id='word_1_51' title='bbox 729 1136 853 1186; x_wconf 79' lang='lat' dir='ltr'>Quod</span> <span class='ocrx_word' id='word_1_52' title='bbox 870 1135 975 1176; x_wconf 88' lang='lat' dir='ltr'>mihi</span> <span class='ocrx_word' id='word_1_53' title='bbox 990 1135 1219 1189; x_wconf 80' lang='lat' dir='ltr'>praedicas</span> <span class='ocrx_word' id='word_1_54' title='bbox 1237 1135 1405 1185; x_wconf 87' lang='lat' dir='ltr'>uitium,</span> <span class='ocrx_word' id='word_1_55' title='bbox 1423 1134 1465 1174; x_wconf 91' lang='lat' dir='ltr'>id</span> <span class='ocrx_word' id='word_1_56' title='bbox 1483 1134 1619 1175; x_wconf 87' lang='lat' dir='ltr'>tibist.</span> 
     </span>
     <span class='ocr_line' id='line_1_12' title="bbox 116 1206 1535 1261; baseline 0 -14"><span class='ocrx_word' id='word_1_57' title='bbox 116 1207 240 1258; x_wconf 80' lang='lat' dir='ltr'>Quid,</span> <span class='ocrx_word' id='word_1_58' title='bbox 275 1207 449 1257; x_wconf 85' lang='lat' dir='ltr'>malum,</span> <span class='ocrx_word' id='word_1_59' title='bbox 483 1222 569 1248; x_wconf 88' lang='lat' dir='ltr'>non</span> <span class='ocrx_word' id='word_1_60' title='bbox 601 1222 695 1249; x_wconf 86' lang='lat' dir='ltr'>sum</span> <span class='ocrx_word' id='word_1_61' title='bbox 727 1222 804 1261; x_wconf 83' lang='lat' dir='ltr'>ego</span> <span class='ocrx_word' id='word_1_62' title='bbox 838 1222 989 1249; x_wconf 90' lang='lat' dir='ltr'>seruos</span> <span class='ocrx_word' id='word_1_63' title='bbox 1021 1207 1347 1261; x_wconf 83' lang='lat' dir='ltr'>Amphitruonis</span> <span class='ocrx_word' id='word_1_64' title='bbox 1381 1206 1535 1248; x_wconf 74' lang='lat' dir='ltr'>Sosia?</span> 
     </span>
     <span class='ocr_line' id='line_1_13' title="bbox 114 1279 1622 1334; baseline -0.003 -14"><span class='ocrx_word' id='word_1_65' title='bbox 114 1279 268 1321; x_wconf 89' lang='lat' dir='ltr'>Nonne</span> <span class='ocrx_word' id='word_1_66' title='bbox 299 1279 380 1320; x_wconf 76' lang='lat' dir='ltr'>hac</span> <span class='ocrx_word' id='word_1_67' title='bbox 411 1284 543 1321; x_wconf 86' lang='lat' dir='ltr'>noctu</span> <span class='ocrx_word' id='word_1_68' title='bbox 573 1284 726 1321; x_wconf 87' lang='lat' dir='ltr'>nostra</span> <span class='ocrx_word' id='word_1_69' title='bbox 756 1280 881 1321; x_wconf 86' lang='lat' dir='ltr'>nauis</span> <span class='ocrx_word' id='word_1_70' title='bbox 912 1280 991 1322; x_wconf 63' lang='lat' dir='ltr'>leuc</span> <span class='ocrx_word' id='word_1_71' title='bbox 1021 1294 1073 1321; x_wconf 78' lang='lat' dir='ltr'>ex</span> <span class='ocrx_word' id='word_1_72' title='bbox 1106 1284 1235 1334; x_wconf 89' lang='lat' dir='ltr'>portu</span> <span class='ocrx_word' id='word_1_73' title='bbox 1266 1279 1440 1321; x_wconf 88' lang='lat' dir='ltr'>Persico</span> <span class='ocrx_word' id='word_1_74' title='bbox 1554 1285 1622 1317; x_wconf 85' lang='lat'>400</span> 
     </span>
     <span class='ocr_line' id='line_1_14' title="bbox 114 1351 1591 1406; baseline -0.002 -12"><span class='ocrx_word' id='word_1_75' title='bbox 114 1351 256 1403; x_wconf 85' lang='lat' dir='ltr'>Uenit,</span> <span class='ocrx_word' id='word_1_76' title='bbox 289 1365 401 1406; x_wconf 92' lang='lat' dir='ltr'>quae</span> <span class='ocrx_word' id='word_1_77' title='bbox 433 1366 500 1393; x_wconf 90' lang='lat' dir='ltr'>me</span> <span class='ocrx_word' id='word_1_78' title='bbox 534 1352 743 1393; x_wconf 80' lang='lat' dir='ltr'>aduexit‘?</span> <span class='ocrx_word' id='word_1_79' title='bbox 773 1367 916 1394; x_wconf 89' lang='lat' dir='ltr'>nonne</span> <span class='ocrx_word' id='word_1_80' title='bbox 948 1367 1015 1394; x_wconf 91' lang='lat' dir='ltr'>me</span> <span class='ocrx_word' id='word_1_81' title='bbox 1046 1351 1131 1393; x_wconf 91' lang='lat' dir='ltr'>huc</span> <span class='ocrx_word' id='word_1_82' title='bbox 1163 1367 1262 1393; x_wconf 89' lang='lat' dir='ltr'>erus</span> <span class='ocrx_word' id='word_1_83' title='bbox 1293 1352 1412 1393; x_wconf 85' lang='lat' dir='ltr'>misit</span> <span class='ocrx_word' id='word_1_84' title='bbox 1442 1351 1591 1392; x_wconf 77' lang='lat' dir='ltr'>meus‘?</span> 
     </span>
     <span class='ocr_line' id='line_1_15' title="bbox 114 1423 1621 1477; baseline -0.001 -11"><span class='ocrx_word' id='word_1_85' title='bbox 114 1424 267 1466; x_wconf 88' lang='lat' dir='ltr'>Nonne</span> <span class='ocrx_word' id='word_1_86' title='bbox 300 1437 378 1477; x_wconf 87' lang='lat' dir='ltr'>ego</span> <span class='ocrx_word' id='word_1_87' title='bbox 410 1438 524 1465; x_wconf 91' lang='lat' dir='ltr'>nunc</span> <span class='ocrx_word' id='word_1_88' title='bbox 556 1428 621 1466; x_wconf 86' lang='lat' dir='ltr'>sto</span> <span class='ocrx_word' id='word_1_89' title='bbox 654 1428 756 1466; x_wconf 88' lang='lat' dir='ltr'>ante</span> <span class='ocrx_word' id='word_1_90' title='bbox 784 1424 904 1466; x_wconf 87' lang='lat' dir='ltr'>aedis</span> <span class='ocrx_word' id='word_1_91' title='bbox 929 1425 1132 1466; x_wconf 78' lang='lat' dir='ltr'>nostras?</span> <span class='ocrx_word' id='word_1_92' title='bbox 1164 1439 1251 1465; x_wconf 88' lang='lat' dir='ltr'>non</span> <span class='ocrx_word' id='word_1_93' title='bbox 1275 1424 1425 1465; x_wconf 86' lang='lat' dir='ltr'>mihist</span> <span class='ocrx_word' id='word_1_94' title='bbox 1449 1423 1621 1465; x_wconf 86' lang='lat' dir='ltr'>laterna</span> 
     </span>
     <span class='ocr_line' id='line_1_16' title="bbox 1073 1497 1309 1538; baseline 0 -1"><span class='ocrx_word' id='word_1_95' title='bbox 1073 1497 1118 1537; x_wconf 90' lang='lat' dir='ltr'>in</span> <span class='ocrx_word' id='word_1_96' title='bbox 1149 1497 1309 1538; x_wconf 81' lang='lat' dir='ltr'>manu?</span> 
     </span>
     <span class='ocr_line' id='line_1_17' title="bbox 114 1567 1620 1623; baseline -0.002 -13"><span class='ocrx_word' id='word_1_97' title='bbox 114 1568 211 1610; x_wconf 90' lang='lat' dir='ltr'>Non</span> <span class='ocrx_word' id='word_1_98' title='bbox 242 1568 430 1623; x_wconf 77' lang='lat' dir='ltr'>loquor?</span> <span class='ocrx_word' id='word_1_99' title='bbox 468 1583 553 1610; x_wconf 88' lang='lat' dir='ltr'>non</span> <span class='ocrx_word' id='word_1_100' title='bbox 585 1568 748 1621; x_wconf 74' lang='lat' dir='ltr'>uigilo‘?</span> <span class='ocrx_word' id='word_1_101' title='bbox 788 1582 931 1609; x_wconf 88' lang='lat' dir='ltr'>nonne</span> <span class='ocrx_word' id='word_1_102' title='bbox 962 1567 1032 1609; x_wconf 92' lang='lat' dir='ltr'>hic</span> <span class='ocrx_word' id='word_1_103' title='bbox 1064 1568 1191 1609; x_wconf 89' lang='lat' dir='ltr'>modo</span> <span class='ocrx_word' id='word_1_104' title='bbox 1233 1582 1300 1609; x_wconf 92' lang='lat' dir='ltr'>me</span> <span class='ocrx_word' id='word_1_105' title='bbox 1332 1567 1488 1621; x_wconf 83' lang='lat' dir='ltr'>pugnis</span> <span class='ocrx_word' id='word_1_106' title='bbox 1521 1581 1620 1607; x_wconf 87' lang='lat' dir='ltr'>con-</span> 
     </span>
     <span class='ocr_line' id='line_1_18' title="bbox 1075 1640 1221 1681; baseline -0.007 0"><span class='ocrx_word' id='word_1_107' title='bbox 1075 1640 1221 1681; x_wconf 84' lang='lat' dir='ltr'>tudit‘?</span> 
     </span>
     <span class='ocr_line' id='line_1_19' title="bbox 115 1710 1525 1763; baseline -0.003 -9"><span class='ocrx_word' id='word_1_108' title='bbox 115 1714 239 1756; x_wconf 82' lang='lat' dir='ltr'>Fecit</span> <span class='ocrx_word' id='word_1_109' title='bbox 268 1713 436 1763; x_wconf 73' lang='lat' dir='ltr'>hercle,</span> <span class='ocrx_word' id='word_1_110' title='bbox 468 1727 569 1754; x_wconf 89' lang='lat' dir='ltr'>nam</span> <span class='ocrx_word' id='word_1_111' title='bbox 601 1713 660 1753; x_wconf 72' lang='lat' dir='ltr'>mi</span> <span class='ocrx_word' id='word_1_112' title='bbox 691 1713 848 1754; x_wconf 87' lang='lat' dir='ltr'>misero</span> <span class='ocrx_word' id='word_1_113' title='bbox 882 1713 1014 1754; x_wconf 79' lang='lat' dir='ltr'>etiam</span> <span class='ocrx_word' id='word_1_114' title='bbox 1044 1726 1160 1753; x_wconf 88' lang='lat' dir='ltr'>nunc</span> <span class='ocrx_word' id='word_1_115' title='bbox 1190 1711 1331 1752; x_wconf 88' lang='lat' dir='ltr'>malae</span> <span class='ocrx_word' id='word_1_116' title='bbox 1364 1710 1525 1751; x_wconf 89' lang='lat' dir='ltr'>dolent.</span> 
     </span>
     <span class='ocr_line' id='line_1_20' title="bbox 60 1783 1619 1846; baseline -0.004 -18"><span class='ocrx_word' id='word_1_117' title='bbox 60 1844 62 1846; x_wconf 21' lang='grc' dir='ltr'>Ι</span> <span class='ocrx_word' id='word_1_118' title='bbox 116 1786 229 1836; x_wconf 81' lang='lat' dir='ltr'>Quid</span> <span class='ocrx_word' id='word_1_119' title='bbox 260 1786 392 1838; x_wconf 84' lang='lat' dir='ltr'>igitur</span> <span class='ocrx_word' id='word_1_120' title='bbox 424 1799 501 1838; x_wconf 83' lang='lat' dir='ltr'>ego</span> <span class='ocrx_word' id='word_1_121' title='bbox 535 1784 718 1826; x_wconf 78' lang='lat' dir='ltr'>dubito?</span> <span class='ocrx_word' id='word_1_122' title='bbox 758 1788 834 1825; x_wconf 87' lang='lat' dir='ltr'>aut</span> <span class='ocrx_word' id='word_1_123' title='bbox 873 1798 949 1825; x_wconf 91' lang='lat' dir='ltr'>cur</span> <span class='ocrx_word' id='word_1_124' title='bbox 986 1799 1070 1825; x_wconf 87' lang='lat' dir='ltr'>non</span> <span class='ocrx_word' id='word_1_125' title='bbox 1110 1785 1226 1825; x_wconf 89' lang='lat' dir='ltr'>intro</span> <span class='ocrx_word' id='word_1_126' title='bbox 1268 1798 1317 1825; x_wconf 90' lang='lat' dir='ltr'>eo</span> <span class='ocrx_word' id='word_1_127' title='bbox 1349 1783 1393 1823; x_wconf 91' lang='lat' dir='ltr'>in</span> <span class='ocrx_word' id='word_1_128' title='bbox 1423 1786 1619 1823; x_wconf 85' lang='lat' dir='ltr'>nostram</span> 
     </span>
     <span class='ocr_line' id='line_1_21' title="bbox 1075 1853 1620 1897; baseline -0.002 0"><span class='ocrx_word' id='word_1_129' title='bbox 1075 1856 1280 1897; x_wconf 79' lang='lat' dir='ltr'>domum?</span> <span class='ocrx_word' id='word_1_130' title='bbox 1553 1853 1620 1886; x_wconf 83' lang='lat'>405</span> 
     </span>
     <span class='ocr_line' id='line_1_22' title="bbox 720 1929 1017 1970; baseline -0.003 0"><span class='ocrx_word' id='word_1_131' title='bbox 720 1929 1017 1970; x_wconf 87' lang='lat' dir='ltr'>Mercurius</span> 
     </span>
     <span class='ocr_line' id='line_1_23' title="bbox 90 2002 708 2069; baseline -0.002 -26"><span class='ocrx_word' id='word_1_132' title='bbox 90 2002 243 2069; x_wconf 61' lang='lat' dir='ltr'>-.,.QUid⁷</span> <span class='ocrx_word' id='word_1_133' title='bbox 277 2002 450 2043; x_wconf 89' lang='lat' dir='ltr'>domum</span> <span class='ocrx_word' id='word_1_134' title='bbox 481 2002 708 2043; x_wconf 82' lang='lat' dir='ltr'>uostram?</span> 
     </span>
    </p>
   </div>
   <div class='ocr_carea' id='block_1_5' title="bbox 723 2084 1054 2198">
    <p class='ocr_par' dir='ltr' id='par_1_5' title="bbox 723 2084 1054 2198">
     <span class='ocr_line' id='line_1_24' title="bbox 795 2084 946 2125; baseline -0.007 0"><span class='ocrx_word' id='word_1_135' title='bbox 795 2084 820 2125; x_wconf 88' lang='lat' dir='ltr'>S</span> <span class='ocrx_word' id='word_1_136' title='bbox 833 2098 856 2125; x_wconf 95' lang='lat' dir='ltr'>o</span> <span class='ocrx_word' id='word_1_137' title='bbox 868 2085 946 2125; x_wconf 86' lang='lat' dir='ltr'>sia</span> 
     </span>
     <span class='ocr_line' id='line_1_25' title="bbox 723 2156 1054 2198; baseline -0.003 -1"><span class='ocrx_word' id='word_1_138' title='bbox 723 2156 789 2198; x_wconf 91' lang='lat' dir='ltr'>Ita</span> <span class='ocrx_word' id='word_1_139' title='bbox 821 2157 1054 2197; x_wconf 89' lang='lat' dir='ltr'>enimuero.</span> 
     </span>
    </p>
   </div>
   <div class='ocr_carea' id='block_1_6' title="bbox 118 2243 1620 2730">
    <p class='ocr_par' dir='ltr' id='par_1_6' title="bbox 118 2243 1620 2730">
     <span class='ocr_line' id='line_1_26' title="bbox 721 2243 1021 2285; baseline -0.007 0"><span class='ocrx_word' id='word_1_140' title='bbox 721 2243 1021 2285; x_wconf 88' lang='lat' dir='ltr'>Mercurius</span> 
     </span>
     <span class='ocr_line' id='line_1_27' title="bbox 1055 2311 1616 2367; baseline -0.007 -12"><span class='ocrx_word' id='word_1_141' title='bbox 1055 2314 1165 2364; x_wconf 84' lang='lat' dir='ltr'>Quin</span> <span class='ocrx_word' id='word_1_142' title='bbox 1184 2327 1295 2367; x_wconf 89' lang='lat' dir='ltr'>quae</span> <span class='ocrx_word' id='word_1_143' title='bbox 1314 2313 1459 2354; x_wconf 79' lang='lat' dir='ltr'>dixisti</span> <span class='ocrx_word' id='word_1_144' title='bbox 1476 2311 1616 2361; x_wconf 85' lang='lat' dir='ltr'>modo,</span> 
     </span>
     <span class='ocr_line' id='line_1_28' title="bbox 119 2385 1478 2442; baseline -0.004 -13"><span class='ocrx_word' id='word_1_145' title='bbox 119 2388 273 2430; x_wconf 87' lang='lat' dir='ltr'>Omnia</span> <span class='ocrx_word' id='word_1_146' title='bbox 304 2388 591 2437; x_wconf 74' lang='lat' dir='ltr'>ementitus’s;</span> <span class='ocrx_word' id='word_1_147' title='bbox 625 2388 825 2442; x_wconf 89' lang='lat' dir='ltr'>equidem</span> <span class='ocrx_word' id='word_1_148' title='bbox 858 2387 981 2430; x_wconf 85' lang='lat' dir='ltr'>Sosia</span> <span class='ocrx_word' id='word_1_149' title='bbox 1013 2385 1340 2440; x_wconf 85' lang='lat' dir='ltr'>Amphitruonis</span> <span class='ocrx_word' id='word_1_150' title='bbox 1374 2399 1478 2425; x_wconf 87' lang='lat' dir='ltr'>sum.</span> 
     </span>
     <span class='ocr_line' id='line_1_29' title="bbox 118 2456 1488 2511; baseline -0.004 -10"><span class='ocrx_word' id='word_1_151' title='bbox 118 2460 228 2501; x_wconf 89' lang='lat' dir='ltr'>Nam</span> <span class='ocrx_word' id='word_1_152' title='bbox 259 2464 392 2501; x_wconf 90' lang='lat' dir='ltr'>noctu</span> <span class='ocrx_word' id='word_1_153' title='bbox 423 2460 504 2501; x_wconf 89' lang='lat' dir='ltr'>hac</span> <span class='ocrx_word' id='word_1_154' title='bbox 535 2460 718 2501; x_wconf 83' lang='lat' dir='ltr'>solutast</span> <span class='ocrx_word' id='word_1_155' title='bbox 749 2460 872 2500; x_wconf 81' lang='lat' dir='ltr'>nauis</span> <span class='ocrx_word' id='word_1_156' title='bbox 904 2464 1056 2500; x_wconf 80' lang='lat' dir='ltr'>nost-ra</span> <span class='ocrx_word' id='word_1_157' title='bbox 1088 2474 1109 2499; x_wconf 91' lang='lat' dir='ltr'>e</span> <span class='ocrx_word' id='word_1_158' title='bbox 1142 2461 1270 2511; x_wconf 86' lang='lat' dir='ltr'>portu</span> <span class='ocrx_word' id='word_1_159' title='bbox 1302 2456 1488 2499; x_wconf 67' lang='lat' dir='ltr'>Persico,</span> 
     </span>
     <span class='ocr_line' id='line_1_30' title="bbox 118 2528 1471 2585; baseline -0.004 -12"><span class='ocrx_word' id='word_1_160' title='bbox 118 2532 186 2581; x_wconf 88' lang='lat' dir='ltr'>Et,</span> <span class='ocrx_word' id='word_1_161' title='bbox 219 2532 293 2573; x_wconf 92' lang='lat' dir='ltr'>ubi</span> <span class='ocrx_word' id='word_1_162' title='bbox 324 2532 498 2573; x_wconf 84' lang='lat' dir='ltr'>Pterela</span> <span class='ocrx_word' id='word_1_163' title='bbox 529 2546 604 2573; x_wconf 83' lang='lat' dir='ltr'>rex</span> <span class='ocrx_word' id='word_1_164' title='bbox 636 2533 847 2584; x_wconf 86' lang='lat' dir='ltr'>regnauit,</span> <span class='ocrx_word' id='word_1_165' title='bbox 882 2531 1086 2585; x_wconf 84' lang='lat' dir='ltr'>oppidum</span> <span class='ocrx_word' id='word_1_166' title='bbox 1119 2528 1471 2582; x_wconf 75' lang='lat' dir='ltr'>expugnauimuS,</span> 
     </span>
     <span class='ocr_line' id='line_1_31' title="bbox 119 2600 1620 2657; baseline -0.004 -12"><span class='ocrx_word' id='word_1_167' title='bbox 119 2604 175 2645; x_wconf 87' lang='lat' dir='ltr'>Et</span> <span class='ocrx_word' id='word_1_168' title='bbox 206 2604 396 2656; x_wconf 83' lang='lat' dir='ltr'>legiones</span> <span class='ocrx_word' id='word_1_169' title='bbox 428 2603 714 2644; x_wconf 88' lang='lat' dir='ltr'>Teleboarum</span> <span class='ocrx_word' id='word_1_170' title='bbox 746 2605 789 2644; x_wconf 89' lang='lat' dir='ltr'>ui</span> <span class='ocrx_word' id='word_1_171' title='bbox 820 2602 1051 2657; x_wconf 79' lang='lat' dir='ltr'>pugnando</span> <span class='ocrx_word' id='word_1_172' title='bbox 1085 2601 1288 2654; x_wconf 77' lang='lat' dir='ltr'>cepimus,</span> <span class='ocrx_word' id='word_1_173' title='bbox 1553 2600 1620 2631; x_wconf 87' lang='lat'>410</span> 
     </span>
     <span class='ocr_line' id='line_1_32' title="bbox 118 2671 1617 2730; baseline -0.005 -13"><span class='ocrx_word' id='word_1_174' title='bbox 118 2676 175 2717; x_wconf 88' lang='lat' dir='ltr'>Et</span> <span class='ocrx_word' id='word_1_175' title='bbox 205 2677 323 2730; x_wconf 87' lang='lat' dir='ltr'>ipsus</span> <span class='ocrx_word' id='word_1_176' title='bbox 348 2675 607 2729; x_wconf 89' lang='lat' dir='ltr'>Amphitruo</span> <span class='ocrx_word' id='word_1_177' title='bbox 640 2675 917 2729; x_wconf 86' lang='lat' dir='ltr'>optruncauit</span> <span class='ocrx_word' id='word_1_178' title='bbox 950 2687 1095 2726; x_wconf 84' lang='lat' dir='ltr'>regem</span> <span class='ocrx_word' id='word_1_179' title='bbox 1114 2673 1332 2714; x_wconf 83' lang='lat' dir='ltr'>Pterelam</span> <span class='ocrx_word' id='word_1_180' title='bbox 1365 2673 1407 2712; x_wconf 88' lang='lat' dir='ltr'>in</span> <span class='ocrx_word' id='word_1_181' title='bbox 1440 2671 1617 2725; x_wconf 66' lang='lat' dir='ltr'>proelio.</span> 
     </span>
    </p>
   </div>
   <div class='ocr_carea' id='block_1_7' title="bbox 0 1878 113 2571">
    <p class='ocr_par' dir='ltr' id='par_1_7' title="bbox 0 1878 113 2571">
     <span class='ocr_line' id='line_1_33' title="bbox 0 1878 113 2571; baseline 0 704"><span class='ocrx_word' id='word_1_182' title='bbox 0 1878 113 2571; x_wconf 95' lang='lat' dir='ltr'> </span> 
     </span>
    </p>
   </div>
   <div class='ocr_carea' id='block_1_8' title="bbox 119 2841 1615 2944">
    <p class='ocr_par' dir='ltr' id='par_1_8' title="bbox 119 2841 1615 2944">
     <span class='ocr_line' id='line_1_34' title="bbox 211 2841 1615 2878; baseline -0.003 -1"><span class='ocrx_word' id='word_1_183' title='bbox 211 2844 278 2877; x_wconf 91' lang='lat'>400</span> <span class='ocrx_word' id='word_1_184' title='bbox 301 2843 372 2877; x_wconf 89' lang='lat' dir='ltr'>huc</span> <span class='ocrx_word' id='word_1_185' title='bbox 399 2853 464 2877; x_wconf 88' lang='lat' dir='ltr'>om.</span> <span class='ocrx_word' id='word_1_186' title='bbox 537 2845 604 2877; x_wconf 81' lang='lat'>402</span> <span class='ocrx_word' id='word_1_187' title='bbox 629 2855 727 2878; x_wconf 83' lang='lat' dir='ltr'>nunc</span> <span class='ocrx_word' id='word_1_188' title='bbox 753 2844 824 2877; x_wconf 82' lang='lat' dir='ltr'>isto</span> <span class='ocrx_word' id='word_1_189' title='bbox 893 2844 960 2877; x_wconf 89' lang='grc'>403</span> <span class='ocrx_word' id='word_1_190' title='bbox 985 2843 1044 2877; x_wconf 87' lang='lat' dir='ltr'>hic</span> <span class='ocrx_word' id='word_1_191' title='bbox 1069 2842 1180 2875; x_wconf 90' lang='lat' dir='ltr'>homo</span> <span class='ocrx_word' id='word_1_192' title='bbox 1206 2841 1317 2875; x_wconf 89' lang='lat' dir='ltr'>modo</span> <span class='ocrx_word' id='word_1_193' title='bbox 1384 2842 1451 2874; x_wconf 84' lang='lat'>404</span> <span class='ocrx_word' id='word_1_194' title='bbox 1476 2841 1523 2873; x_wconf 83' lang='lat' dir='ltr'>mi</span> <span class='ocrx_word' id='word_1_195' title='bbox 1551 2850 1615 2873; x_wconf 83' lang='lat' dir='ltr'>om.</span> 
     </span>
     <span class='ocr_line' id='line_1_35' title="bbox 119 2898 1496 2944; baseline -0.003 -11"><span class='ocrx_word' id='word_1_196' title='bbox 119 2901 186 2933; x_wconf 80' lang='lat'>407</span> <span class='ocrx_word' id='word_1_197' title='bbox 211 2900 407 2934; x_wconf 79' lang='lat' dir='ltr'>ementitus</span> <span class='ocrx_word' id='word_1_198' title='bbox 434 2900 604 2944; x_wconf 79' lang='lat' dir='ltr'>equidem</span> <span class='ocrx_word' id='word_1_199' title='bbox 675 2902 742 2933; x_wconf 87' lang='lat'>410</span> <span class='ocrx_word' id='word_1_200' title='bbox 766 2901 995 2933; x_wconf 74' lang='lat' dir='ltr'>telehoarum</span> <span class='ocrx_word' id='word_1_201' title='bbox 1022 2911 1055 2932; x_wconf 84' lang='lat' dir='ltr'>vi</span> <span class='ocrx_word' id='word_1_202' title='bbox 1082 2898 1282 2942; x_wconf 85' lang='lat' dir='ltr'>pugnando</span> <span class='ocrx_word' id='word_1_203' title='bbox 1308 2898 1496 2941; x_wconf 84' lang='lat' dir='ltr'>coepimus</span> 
     </span>
    </p>
   </div>
  </div>
 </body>
</html>
