1926 3275
785 335 1065 379 Prolegomena.
1597 337 1616 375 1
1625 338 1673 376 61

174 463 406 513 Euripidem
451 463 492 500 in
536 464 709 512 prologis
756 463 852 501 adeo
897 467 1090 501 remotum
1132 477 1214 500 esse
1253 463 1386 511 arguit
1425 462 1472 499 ab
1512 466 1596 499 arte
1636 466 1676 500 et

174 533 369 582 gravitate
399 533 566 581 tragica,
599 535 644 569 ut
674 532 755 569 fere
786 533 826 569 in
857 533 1023 580 singulis
1063 531 1241 569 versibus
1277 531 1515 580 „ampullam
1547 531 1676 580 perdi-

176 599 303 638 disse“
337 599 568 638 videretur?
603 600 806 638 Comoediae
831 601 907 638 alia
931 601 1106 638 condicio
1133 604 1228 638 erat.
1275 600 1336 637 Ab
1363 613 1408 637 ea
1432 614 1510 637 non
1534 600 1676 637 abhor-

175 669 288 706 rebat
317 669 515 719 pedestris
546 669 733 706 narrandi
764 670 875 716 ratio,
910 672 949 706 et
978 669 1019 706 in
1049 668 1152 706 fictis
1182 669 1299 706 rebus
1325 672 1364 706 et
1389 682 1492 718 saepe
1514 667 1677 705 mirifice

174 738 405 786 implicatis,
454 751 552 787 quas
597 733 838 787 spectatores
884 751 955 787 per
1001 751 1040 774 se
1079 750 1193 774 nosse
1232 740 1301 774 aut
1339 737 1562 786 intelligere
1600 750 1677 773 non

174 809 356 856 possent,
403 806 606 843 interdum
651 817 834 853 magnam
881 805 1199 843 commoditatem
1253 806 1426 843 habebat
1479 805 1679 842 succincta

176 875 397 924 argumenti
426 875 612 911 narratio.
673 874 754 911 Nec
785 874 1020 923 displicebat
1051 877 1180 923 poetae
1221 874 1311 910 talis
1352 874 1502 911 occasio
1541 873 1678 922 populi

176 942 420 992 alloquendi,
455 943 487 979 si
523 942 618 992 quid
655 942 758 979 forte
798 943 955 990 gravius
993 956 1065 992 per
1095 943 1223 979 iocum
1254 942 1464 979 admonere
1495 941 1676 987 libuerat,

177 1011 310 1060 qualia
347 1011 439 1048 olim
477 1012 517 1047 in
553 1011 737 1060 parabasi
776 1011 1021 1048 dicebantur.
1083 1011 1222 1060 Itaque
1262 1010 1460 1047 interdum
1505 1010 1677 1060 propriae

175 1079 317 1117 fabulae
349 1079 569 1129 anteposita
600 1082 660 1116 est
691 1092 824 1126 scena,
858 1093 935 1128 qua
965 1082 1033 1116 aut
1062 1092 1141 1116 una
1173 1079 1304 1128 aliqua
1335 1079 1558 1129 exxfabulae
1590 1091 1678 1127 per-

177 1148 281 1184 sonis
314 1151 382 1184 aut
412 1148 506 1185 deus
537 1148 678 1197 aliquis
711 1151 777 1185 aut
802 1148 925 1197 ipsius
950 1151 1077 1197 poetae
1103 1148 1258 1184 nomine
1283 1159 1515 1196 progressus
1538 1147 1678 1183 histrio

177 1215 228 1252 ad
271 1219 515 1265 spectatores
560 1230 770 1254 conversus
816 1220 1092 1265 argumentum
1137 1215 1280 1253 fabulae
1327 1218 1366 1252 et
1405 1216 1438 1252 si
1477 1227 1562 1264 quae
1602 1214 1680 1251 alia

176 1284 294 1321 libuit
333 1286 505 1333 exponit.
566 1285 661 1322 Haec
700 1299 817 1322 scena
849 1299 870 1322 a
899 1285 1053 1334 reliqua
1083 1284 1217 1321 fabula
1248 1284 1494 1333 aliquantum
1525 1283 1680 1320 diversa

177 1353 361 1402 prologus
390 1352 668 1402 usurpabatur,
701 1367 779 1390 non
803 1353 896 1402 quia
920 1357 1011 1390 ante
1041 1354 1214 1402 primum
1246 1353 1440 1389 canticum
1465 1351 1584 1397 chori,
1611 1351 1679 1400 qui

178 1421 255 1458 iam
293 1422 422 1459 nullus
462 1425 565 1469 erat,
606 1422 674 1459 sed
714 1422 806 1471 quia
845 1424 935 1459 ante
973 1423 1100 1470 ipsam
1131 1421 1304 1458 fabulam
1334 1420 1677 1470 pronuntiabatur.

178 1489 303 1526 Huius
347 1491 501 1540 generis
547 1491 730 1540 prologos
771 1490 969 1528 comoediis
1010 1489 1155 1527 Graecis
1194 1490 1332 1526 mediae
1373 1493 1412 1526 et
1449 1488 1679 1526 recentioris

179 1558 308 1595 aetatis
339 1571 440 1608 saepe
472 1559 628 1596 additos
658 1559 789 1606 fuisse,
823 1559 1000 1608 quamvis
1032 1558 1125 1607 ipsae
1157 1557 1298 1594 fabulae
1322 1558 1523 1606 perierint,
1548 1560 1680 1594 tamen

179 1626 266 1663 aliis
298 1626 543 1664 documentis
575 1630 740 1664 constat.
786 1626 1077 1664 Anaxandridis
1102 1626 1268 1674 Εὐσεβών
1296 1625 1503 1675 prologum
1526 1625 1680 1662 Aristo-

174 1695 272 1732 teles
304 1698 585 1732 commemorat
616 1695 779 1732 Rhetor.
805 1695 875 1741 III,
905 1696 966 1741 12,
1002 1697 1041 1731 et
1072 1694 1178 1744 quod
1213 1694 1318 1743 apud
1350 1693 1547 1731 Stobaeum
1571 1692 1677 1730 Flor.

175 1762 318 1810 XLIII,
345 1765 396 1801 27
422 1763 614 1800 Heniochi
645 1761 859 1810 „Urbium“
892 1763 1055 1800 affertur
1078 1764 1355 1811 fragmentum,
1382 1762 1535 1811 prologi
1560 1762 1679 1798 fuisse

176 1831 347 1869 videtur.
393 1831 604 1869 Menandri
627 1835 758 1869 autem
775 1831 936 1880 Hydriae
962 1835 1000 1869 et
1018 1831 1161 1881 Georgi
1187 1831 1374 1880 prologos
1400 1833 1681 1867 commemorat

178 1899 441 1946 Quintilianus
457 1900 525 1948 XI,
547 1902 581 1948 3,
603 1901 674 1948 913
701 1914 747 1937 ex
763 1899 925 1937 Thaidis
950 1900 1116 1949 prologo
1139 1899 1376 1937 Plutarchus
1400 1898 1447 1935 de
1471 1898 1679 1936 audiendis

176 1969 304 2017 poetis
328 1969 353 2005 4
384 1969 513 2006 locum
544 1968 672 2016 affert,
704 1969 774 2006 ubi
804 1972 923 2018 poeta
950 1969 1033 2018 ipse
1057 1968 1213 2005 Musam
1245 1968 1392 2017 alloqui
1424 1967 1601 2015 videtur,
1634 1981 1680 2004 ex

177 2036 354 2074 Dardani
385 2051 414 2074 s.
446 2037 639 2087 Xenologi
672 2037 838 2087 prologo
871 2037 1007 2074 Theon
1037 2037 1250 2086 Progymn.
1285 2037 1329 2083 4,
1364 2038 1407 2083 9,
1442 2050 1488 2073 ex
1519 2035 1680 2085 Dyscoli

177 2105 342 2155 prologo
367 2105 632 2154 Harpocratio
665 2119 694 2142 s.
727 2119 763 2142 v.
799 2107 895 2151 Φυλή
926 2107 1031 2143 locos
1063 2104 1198 2152 affert;
1231 2104 1406 2142 Luciano
1439 2105 1608 2154 denique
1641 2105 1680 2141 in

178 2173 480 2223 pseudologis‘ca
518 2174 542 2210 4
580 2173 791 2211 videbatur
836 2175 1078 2224 παρακλητέος
1122 2175 1192 2209 τῶν
1232 2174 1447 2222 Μενάνδρου
1489 2174 1680 2223 προλόγων

179 2238 245 2285 εἷς,
277 2242 296 2279 ὃ
318 2241 509 2291 ’'Elasngog·²
541 2243 642 2289 φίλος
675 2242 830 2289 ἀληθείᾳ
862 2243 920 2279 καὶ
952 2244 1136 2292 παρρησίᾳ
1168 2243 1275 2285 θεός,
1307 2242 1375 2288 οὐχ
1407 2242 1425 2277 ὁ
1458 2241 1680 2290 ἀσημότατος

178 2311 248 2346 τῶν
279 2311 340 2346 ἐπὶ
370 2311 431 2355 τὴν
463 2311 591 2356 σκηνὴ-ν
630 2310 890 2359 ἀναβαινόντων
934 2309 1076 2360 (poetae
1115 2310 1244 2347 locum
1277 2310 1453 2347 restituit
1482 2309 1678 2366 Meineke,

180 2377 286 2415 Com.
319 2378 366 2415 fr.
399 2378 462 2425 IV,
495 2391 533 2427 p.
569 2380 647 2416 307
681 2377 772 2428 sq.).
826 2379 1096 2416 Philemonem
1127 2392 1245 2427 porro
1277 2381 1370 2415 noto
1405 2377 1548 2415 Stobaei
1578 2378 1679 2424 loco,

179 2446 292 2494 Elog.
324 2446 473 2495 physic.
506 2446 542 2492 I,
579 2447 650 2493 31,
682 2449 729 2494 τῷ
759 2449 847 2495 :degn
885 2447 1062 2484 videmus
1101 2447 1255 2495 prologi
1297 2449 1431 2495 partes
1474 2445 1679 2493 tribuisse;

180 2513 331 2563 Diphili
376 2517 506 2551 autem
551 2514 738 2563 prologos
784 2516 896 2564 quasi
942 2515 1106 2563 frigidos
1161 2514 1419 2551 cavillabatur
1465 2513 1681 2551 Gnathaena

181 2583 306 2619 amica
337 2583 419 2619 eius
451 2596 486 2620 v.
519 2582 662 2619 Athen.
695 2582 810 2630 XIII,
845 2581 963 2631 43*)‚
1005 2584 1105 2620 sicut
1140 2582 1252 2619 nobis
1284 2582 1517 2620 Latinorum
1548 2582 1680 2631 prolo-

182 2662 319 2697 gorum
352 2651 419 2700 qui
452 2654 587 2688 extant
616 2651 805 2700 pleraque
836 2651 979 2700 frigere
1011 2650 1208 2688 videntur.

216 2759 248 2802 *)
272 2759 314 2793 In
341 2759 396 2793 his
420 2771 595 2803 magnam
620 2762 763 2804 partem
784 2759 1102 2794 Dziatzkoncm
1131 2763 1277 2793 secutus
1300 2771 1391 2799 311111,
1419 2760 1520 2793 cuius
1547 2762 1584 2793 ct
1609 2759 1682 2798 alia

274 2816 319 2850 de
343 2817 509 2861 prologis
535 2816 657 2850 Plauti
683 2820 719 2850 et
739 2817 902 2851 Terentii
928 2817 1068 2861 scripta
1093 2820 1178 2850 sunt
1204 2820 1240 2850 et
1265 2828 1502 2861 programma
1524 2817 1679 2850 Luem-ni

275 2884 305 2906 a.
330 2875 508 2907 1866-67
531 2873 685 2908 editum:
714 2873 856 2917 „Ueber
875 2874 934 2907 dic
952 2874 1229 2907 I'lautinischcn
1244 2874 1411 2917 Pmlogc.
1451 2874 1680 2915 Allg0m‹›in‹=

275 2927 618 2974 Gesichtspunkte“.

1370 3001 1403 3030 ll
