1926 3275
220 301 301 340 338
856 296 1088 341 Amphitruo.

219 429 244 464 i.
279 440 309 464 e.
346 426 621 476 conspiciatur,
653 426 889 472 inveniatur,
923 425 1101 474 quamyis
1133 428 1353 474 quaeratur3
1384 424 1613 475 potentialis
1639 424 1722 473 qui·

221 495 312 531 dam
343 495 614 531 coniunctivus
645 498 705 531 est
745 492 894 541 (Madv.
928 491 994 530 Gr.
1028 492 1115 530 Lat.
1151 490 1268 539 350),
1310 493 1441 542 quasi:
1480 492 1724 529 miseriorem

219 562 324 599 haud
371 562 486 599 facile
532 562 739 611 quisquam
784 561 960 598 inveniat
1004 574 1040 597 v.
1087 561 1295 597 invenerit.
1363 559 1419 597 Cf.
1452 559 1585 597 Aulul.
1622 560 1723 597 560:

226 630 337 677 „Non
366 633 499 680 potem
531 642 601 679 ego
634 627 834 678 quidem“.
881 628 944 665 Ad
974 625 1108 678 magyiS
1139 631 1208 665 aut
1244 625 1434 675 „misera“
1470 627 1723 674 audiendum,

221 702 289 735 aut
328 697 563 747 simpliciter
601 710 686 734 cum
731 694 962 743 „miserior“
998 696 1258 746 iungendum,
1293 696 1339 733 cf.
1373 695 1423 732 ad
1455 696 1548 733 297.
1610 694 1724 741 Quod

219 767 265 803 V.
298 766 345 803 D.
386 765 491 814 apud
530 765 692 802 Loman.
733 764 842 813 SpeC.
884 778 922 813 p.
961 765 1008 801 13
1052 764 1237 802 coniecit:
1289 763 1393 811 „Nec
1437 776 1498 800 me
1543 763 1726 800 miserior

221 834 377 880 femina,
410 833 547 882 Neque
577 833 647 869 illa.
677 831 865 868 uideatur
894 830 1061 880 magis“,
1094 832 1203 869 illam
1227 831 1455 869 Alcmenam
1486 831 1722 881 intelligens,

221 916 265 938 ea
296 901 474 950 profecto
506 914 584 938 non
617 903 675 936 est
706 901 850 937 misera
874 899 941 936 sed
966 900 1135 937 omniun]
1161 900 1398 936 felicissima.
1426 920 1481 924 —
1510 900 1630 936 1077.
1659 895 1728 936 ῑιόί

212 967 422 1018 parturit,
471 966 569 1006 deos
616 964 696 1005 sibi
743 965 906 1005 {onmem}
951 967 1061 1004 codd.
1103 971 1305 1016 corrupte,
1344 980 1424 1005 non
1466 967 1591 1004 solum
1634 967 1727 1016 quia

220 1038 393 1074 numeris
426 1040 574 1081 carent,
608 1035 676 1073 sed
707 1035 827 1072 etiam
858 1037 953 1084 quia
985 1035 1169 1085 apodosis
1200 1048 1278 1072 non
1301 1035 1344 1071 id
1367 1035 1567 1072 continere
1593 1034 1724 1081 debet,

222 1104 327 1154 quod
351 1108 492 1154 sponte
517 1105 708 1153 sequitur,
742 1103 809 1141 sed
841 1116 896 1149 ea,
930 1116 1016 1153 quae
1040 1104 1222 1153 proximo
1245 1115 1361 1140 versu
1384 1103 1562 1153 legimus.
1610 1102 1723 1139 Both.

223 1174 342 1210 coni:
383 1172 473 1219 „ubi
496 1169 668 1221 parmis
707 1171 800 1208 deos
839 1172 914 1209 sibi
949 1170 1146 1219 inuocat“,
1186 1172 1227 1208 in
1259 1171 1399 1220 quibus
1431 1184 1511 1209 non
1543 1170 1726 1221 equidem

223 1254 308 1278 cum
340 1240 612 1277 Lindemanno
649 1238 809 1286 „deam“
846 1240 1006 1289 requiro
1042 1237 1111 1287 (sc.
1146 1239 1347 1286 Lucinam,
1379 1239 1459 1276 vid.
1492 1238 1581 1276 Aul.
1612 1235 1725 1285 682),

222 1308 289 1346 sed
320 1307 508 1358 loquendi
538 1321 660 1357 genus
691 1307 872 1356 improbo
897 1320 919 1344 a
941 1307 1190 1357 philosophis
1217 1307 1379 1344 deorum
1402 1309 1483 1344 vim
1508 1309 1547 1343 et
1568 1306 1727 1343 nomina

223 1376 513 1426 explicantibus
545 1376 726 1426 petitum.
781 1375 960 1412 Lindem.
993 1375 1148 1412 scribit:
1188 1375 1278 1422 „ubi
1311 1375 1497 1425 parturit,
1531 1374 1625 1411 deos
1659 1369 1727 1410 ubi

221 1443 379 1482 uocatf‘.
442 1443 520 1481 Sed
558 1444 599 1480 in
636 1443 706 1480 tali
748 1442 950 1492 anaphora
987 1443 1185 1492 particula
1229 1443 1269 1480 in
1314 1446 1484 1492 utraque
1530 1441 1729 1479 sententia

223 1513 395 1561 primum
425 1511 554 1548 locum
581 1515 715 1548 tenere
739 1511 868 1548 debet.
916 1510 1081 1548 Plautus
1114 1511 1196 1547 sine
1229 1510 1349 1548 dubio
1380 1511 1539 1560 planius
1569 1509 1727 1547 locutus

223 1584 300 1627 est,
333 1580 461 1617 velut:
507 1579 597 1626 „ubi
635 1579 862 1628 parturiens
896 1579 987 1615 deos
1018 1578 1093 1615 sibi
1123 1578 1265 1616 uocat“
1308 1582 1394 1616 aut:
1432 1577 1523 1625 „ubi
1552 1578 1730 1628 parturit,

223 1648 397 1697 deosque
442 1645 649 1692 inuocat“;
702 1646 806 1696 quod
851 1659 1042 1695 reponere
1088 1660 1206 1684 ausus
1253 1659 1350 1684 sum.
1412 1645 1490 1683 Sed
1533 1647 1727 1695 proximae

223 1716 428 1753 sententiae
470 1714 660 1764 quaerit-ur
699 1714 807 1763 quod
844 1714 1009 1751 verbum
1048 1715 1119 1761 sit,
1158 1727 1248 1751 nam
1289 1715 1322 1751 si
1360 1713 1472 1751 codd.
1510 1713 1724 1762 sequimur,

224 1783 457 1833 quibuscum
504 1783 704 1820 consentit
743 1782 894 1819 Nonius
939 1795 977 1832 p.
1014 1783 1091 1819 227
1143 1778 1389 1828 („Tom‘tms
1434 1781 1606 1830 positum
1651 1793 1726 1830 pro

222 1853 389 1888 tonitru.
430 1850 597 1887 Plautus
623 1847 757 1896 etc.“),
783 1863 860 1887 11011
885 1851 968 1887 51110
992 1862 1135 1898 magna
1167 1849 1381 1887 offensione
1413 1849 1576 1886 verbum
1609 1848 1725 1886 omis-

224 1932 309 1956 sum
341 1921 411 1956 est.
457 1917 623 1955 Accedit
653 1930 906 1955 numerorum
936 1919 1088 1965 vitium,
1123 1930 1219 1966 quos
1251 1917 1380 1954 deleto
1412 1916 1569 1954 demum
1599 1917 1727 1966 primo

228 1985 320 2033 „ut“
356 1986 584 2023 Hermanno
616 1988 774 2022 auctore
800 1984 859 2021 Fl.
894 1987 935 2022 in
968 1986 1250 2035 anawpaesticum
1281 1985 1525 2022 octonarium
1558 1983 1724 2031 redegit.

223 2054 323 2090 Mihi
362 2057 429 2090 aut
468 2050 613 2100 strepit«
650 2065 724 2102 pro
765 2050 1002 2101 „strepitus“
1040 2052 1289 2090 scribendum
1328 2052 1489 2089 videtur
1528 2054 1613 2097 aut,
1648 2063 1726 2099 quo

223 2121 514 2158 tolerabiliores
539 2119 639 2157 fiunt
664 2121 828 2166 numeri,
863 2117 968 2157 ΐοηῖΐ
991 2133 1062 2169 pro
1089 2121 1274 2157 tonitrus.
1323 2120 1466 2156 Tertiae
1491 2120 1612 2156 etiam
1635 2131 1724 2155 con-

224 2189 435 2238 iugationis
474 2188 547 2225 hoc
586 2187 751 2225 verbum
791 2201 874 2225 esse
915 2201 1030 2237 posse
1071 2192 1241 2227 testatur
1282 2188 1407 2225 malus
1439 2187 1498 2224 rei
1528 2187 1729 2235 interpres

223 2256 377 2293 Nonius
408 2270 444 2306 p.
480 2257 551 2293 49:
601 2255 812 2301 „Tonimus
851 2257 1024 2304 positum
1064 2269 1246 2293 sonamus
1278 2269 1364 2292 cum
1395 2254 1530 2300 modo,
1565 2267 1588 2290 a
1616 2256 1723 2291 tono.

224 2324 349 2361 Varro
374 2323 676 2360 Eumenidibus:
711 2323 799 2359 Tibi
831 2326 1020 2372 tympana
1051 2337 1130 2360 non
1162 2323 1269 2360 inani
1293 2325 1427 2361 sonitu
1442 2322 1584 2359 Matris
1609 2321 1725 2358 deum

224 2390 438 2427 tonimus²⁴‚
501 2391 563 2427 Ad
596 2404 769 2437 sensum,
803 2404 882 2428 non
914 2391 963 2427 ad
995 2395 1253 2438 structuram,
1287 2391 1456 2428 conferri
1486 2393 1620 2440 potest
1650 2388 1725 2425 Pa-

226 2459 325 2495 cuvii
357 2459 617 2508 fragmentum
652 2458 757 2508 apud
782 2458 897 2495 Ribb.
931 2471 967 2494 v.
999 2459 1076 2496 335
1106 2472 1183 2507 sq.:
1223 2461 1532 2506 „armamentum
1564 2457 1723 2503 stridor,

225 2525 441 2574 Strepitus,
474 2526 672 2572 fremitus,
708 2526 864 2572 clamor,
897 2526 1113 2563 tonitruum
1146 2530 1185 2563 et
1217 2526 1427 2563 rudentum
1459 2523 1635 2562 sibilus.“
1669 2544 1727 2548 -

230 2593 347 2628 1070.
382 2590 537 2640 crepitu
569 2607 655 2630 cum
689 2593 960 2630 Lindemanno
1001 2593 1117 2630 credo
1159 2607 1204 2630 ex
1245 2594 1447 2643 superiore
1479 2605 1594 2630 versu
1625 2592 1726 2629 male

225 2661 437 2707 repetitum
484 2673 579 2697 esse.
641 2660 725 2697 Hoc
772 2660 901 2697 deleto
948 2661 1071 2698 multo
1118 2661 1369 2698 iucundiores
1414 2660 1514 2698 fiunt
1557 2660 1723 2707 numeri,

226 2730 378 2763 retento
430 2729 629 2776 posterior
682 2741 819 2765 versus
871 2741 962 2777 pars
1009 2743 1026 2765 a
1075 2729 1427 2777 proceleusmatico
1474 2728 1622 2776 incipit.
1669 2747 1724 2751 —

230 2795 335 2830 1080
369 2798 407 2830 et
441 2796 486 2830 81
525 2795 712 2831 trochaici
753 2796 968 2844 septenarii
1008 2799 1099 2832 sunt
1138 2797 1316 2833 iambicis
1356 2796 1567 2834 octonariis
1605 2796 1723 2831 inter-

224 2861 364 2910 positi,
399 2861 446 2898 cf.
479 2861 632 2911 Proleg.
667 2876 704 2911 p.
744 2863 833 2898 180.
865 2882 921 2886 —
958 2864 1074 2899 1083.
1109 2863 1183 2899 Hic
1214 2877 1348 2900 vorsus
1380 2863 1566 2900 iambicus
1604 2865 1724 2900 tetra—
