1926 3275
253 291 334 329 243
883 282 1117 326 Amphitruo.

370 416 459 452 153.
506 414 633 463 Ipsius
669 412 811 449 fabulae
851 412 1089 460 principium
1130 411 1324 447 canticum
1366 410 1599 447 concitatius
1630 406 1698 447 ⁴est
1729 423 1751 447 a

252 497 318 520 sex
360 482 574 520 octonariis
614 481 790 518 iambicis
837 480 1044 528 incipiens,
1092 477 1234 515 deinde
1280 479 1320 514 in
1367 478 1492 527 magis
1539 478 1667 514 varias
1712 481 1752 515 et

251 552 449 600 graviores
487 550 603 586 metri
640 549 788 586 formas
828 548 974 584 abiens.
1016 567 1065 571 -—
1109 546 1221 583 Sosia
1265 545 1520 596 progreditur
1563 549 1685 583 noctu
1730 559 1752 582 a

253 618 411 655 domino
442 631 510 654 suo
541 617 777 666 praemissus.
837 615 1078 652 Mercurium
1109 628 1188 651 non
1219 614 1345 661 videt,
1388 613 1457 650 sed
1495 614 1608 663 quasi
1641 613 1750 650 solus

253 699 382 722 secum
420 685 595 734 pericula
633 685 760 721 noctis
800 683 975 720 obscurae
1014 686 1051 719 et
1087 683 1286 719 molestias
1318 682 1518 719 servitutis
1551 682 1749 732 queritur3

253 753 393 790 deinde
423 756 634 802 postquam
667 753 700 788 ei
732 752 770 788 in
803 754 972 787 mentem
1004 751 1124 797 venit,
1154 764 1200 787 ex
1227 750 1384 799 quantis
1408 750 1594 800 periculis
1619 750 1750 787 salvus

253 821 440 867 evaserit,
481 820 554 857 diis
594 820 741 867 gratias
781 819 862 866 agit
894 822 933 855 et
964 822 1076 866 gesta
1106 819 1203 855 belli
1233 821 1382 855 narrat.
1441 818 1588 855 Metuit
1621 820 1753 855 autem

251 890 423 939 primum
448 891 691 936 grassatores
722 890 947 933 nocturnos,
981 900 1070 923 nam
1102 890 1141 924 et
1169 887 1343 923 latrones
1368 889 1407 923 et
1430 877 1614 936 procaces
1638 890 1751 936 petu-

251 957 457 1006 lantesque
489 956 663 1002 iuvenes,
697 968 799 1004 saepe
825 954 923 991 ebrii
952 955 1218 1001 comissantes,
1244 955 1328 991 vias
1352 958 1474 992 noctu
1496 954 1750 1001 infestabant,

252 1025 330 1061 vid.
363 1024 483 1062 Stich.
512 1025 611 1062 606:
650 1023 760 1070 „Non
790 1027 834 1059 tu
867 1023 955 1069 scis,
989 1036 1106 1072 quam
1138 1022 1392 1059 adflictentur
1422 1022 1600 1060 homines
1630 1025 1753 1059 noctu

253 1093 315 1130 hic
341 1093 381 1129 in
406 1090 519 1129 via?“
555 1092 662 1129 Trin.
684 1092 784 1129 315:
822 1104 892 1137 „ne
924 1094 1043 1128 noctu
1073 1092 1170 1127 irem
1202 1090 1506 1137 obambulatum,
1539 1103 1616 1127 neu
1640 1103 1753 1127 suum

253 1160 466 1197 adimerem
498 1158 662 1206 alteri²⁸3
696 1159 838 1196 deinde
869 1172 917 1195 ne
950 1162 987 1195 et
1019 1160 1101 1208 ipse
1132 1162 1320 1208 tanquam
1351 1161 1550 1208 grassator
1580 1161 1619 1195 et
1648 1158 1753 1194 latro

254 1242 275 1265 a
300 1227 593 1278 magistratibus
617 1227 895 1276 prehendatur,
921 1228 1047 1264 timet.
1101 1225 1245 1273 „Quis“
1282 1227 1413 1276 inquit
1449 1239 1531 1272 „me
1564 1225 1753 1263 audacior

255 1300 332 1343 est,
367 1297 452 1345 qui,
486 1309 605 1346 quum
636 1308 763 1332 mores
794 1296 978 1332 iuvenum
1009 1296 1157 1342 norim,
1197 1298 1315 1331 noctu
1354 1295 1459 1331 solus
1500 1291 1746 1331 ambulem?“

257 1384 306 1389 -—-
344 1365 434 1402 154.
477 1361 548 1413 qui
589 1383 636 1388 —
681 1360 770 1412 (μή,
818 1363 896 1400 duo
942 1363 1109 1400 relativa
1154 1362 1204 1399 ad
1249 1362 1354 1399 idem
1400 1362 1752 1399 demonstrativum

253 1433 371 1482 paulo
404 1432 559 1469 diversa
588 1432 739 1468 ratione
771 1432 1007 1478 referuntur,
1041 1432 1088 1468 cf.
1121 1430 1224 1467 infra
1257 1431 1350 1467 688.
1385 1432 1478 1467 772.
1510 1430 1614 1467 Men.
1649 1431 1750 1467 390:

261 1499 383 1549 „quid
415 1503 472 1536 est
504 1499 556 1545 id,
591 1499 696 1549 quod
728 1511 885 1547 negem,
920 1499 1027 1548 quod
1057 1496 1270 1536 fece1·im?“
1334 1498 1454 1535 Stich.
1491 1499 1590 1535 121:
1627 1497 1753 1544 „Quoi

253 1568 356 1604 male
388 1566 599 1604 faciundist
629 1570 829 1617 potestas,
863 1580 962 1616 quae
993 1580 1040 1603 ne
1072 1566 1114 1603 id
1144 1567 1276 1613 faciat,
1309 1564 1544 1616 temperari
1593 1566 1751 1603 Terent.

254 1634 353 1672 Eun.
377 1636 425 1672 17
450 1648 507 1684 sq.
534 1655 591 1659 —
616 1631 856 1673 honentatis
888 1634 1100 1672 secundam
1132 1635 1308 1683 corripit,
1342 1638 1385 1671 ut
1414 1647 1550 1671 versus
1582 1633 1629 1670 ab
1661 1646 1752 1670 ana-

254 1707 377 1753 paesto
409 1704 586 1753 incipiat.
618 1723 675 1727 ——
705 1700 779 1740 hoc
808 1700 943 1741 noctis
974 1704 997 1739 i.
1032 1716 1063 1739 e.
1096 1702 1171 1740 hoc
1201 1704 1330 1739 noctis
1359 1705 1549 1751 tempore,
1583 1701 1629 1738 cf.
1659 1702 1750 1738 162.

256 1772 348 1808 288.
383 1772 476 1809 306.
511 1771 621 1808 Cure.
659 1773 692 1808 1.
732 1791 788 1795 —
830 1772 920 1808 155.
952 1771 1211 1818 Magistratus
1250 1771 1416 1807 Plautus
1453 1769 1667 1815 Romanos,
1706 1771 1753 1805 ut

255 1839 366 1885 solet,
398 1852 528 1876 mores
561 1842 715 1876 secutus
749 1837 950 1876 tresviros
982 1839 1170 1888 appellat.
1218 1838 1341 1875 Iidem
1365 1838 1619 1875 nominantur
1641 1836 1750 1874 Asin.

259 1908 349 1944 130.
381 1907 512 1944 Aulul.
547 1908 640 1944 408.
673 1907 779 1943 Pers.
815 1907 880 1944 73.
942 1906 1142 1956 Capitales
1172 1907 1344 1954 intelligi
1374 1909 1552 1955 apparet,
1586 1917 1752 1954 quorum

255 1978 340 2011 erat
370 1974 560 2011 maleficia
591 1976 823 2023 conquirere
855 1978 894 2011 et
923 1975 1136 2020 vindicare,
1171 1987 1365 2011 carcerem
1397 1986 1566 2010 servare.
1627 1972 1752 2009 Iidem

255 2046 375 2079 noctu
411 2043 565 2090 vigilias
606 2042 885 2089 circumibant,
932 2042 1035 2079 unde
1080 2043 1265 2079 nocturni
1303 2042 1415 2088 dicti,
1456 2055 1492 2078 V.
1524 2040 1610 2078 Val.
1644 2040 1749 2076 Max.

255 2109 367 2156 VIII,
405 2113 443 2155 1,
476 2109 615 2146 Damn.
651 2111 686 2147 6.
748 2110 828 2147 Nec
866 2111 967 2146 enim
1006 2110 1202 2156 adducor,
1243 2114 1287 2146 ut
1317 2110 1389 2147 hos
1423 2109 1600 2145 diversos
1631 2108 1751 2144 fuisse

255 2177 411 2213 credam
451 2181 517 2214 aut
548 2177 700 2215 Licinio
732 2177 866 2214 Macro
905 2178 1020 2214 fidem
1058 2177 1221 2214 habeam
1257 2175 1359 2224 (Liv.
1390 2177 1466 2223 IX,
1500 2177 1571 2222 46,
1607 2173 1647 2222 3)
1682 2174 1749 2212 Cn.

256 2245 435 2281 Flavium
466 2246 644 2282 narranti
674 2250 912 2282 nocturnum
944 2247 1195 2282 triumvirum
1226 2245 1345 2282 fuisse
1371 2245 1512 2294 viginti
1536 2244 1617 2280 fere
1642 2243 1752 2280 annis

256 2317 363 2358 ante,
397 2326 512 2361 quain
542 2315 699 2350 tresviri
732 2314 918 2362 capitales
956 2314 1126 2363 primum
1166 2314 1284 2350 creati
1324 2316 1431 2359 sunt,
1465 2311 1571 2361 quod
1602 2325 1635 2348 a.
1669 2312 1748 2348 289

256 2394 289 2416 a.
330 2380 418 2417 Chr.
467 2395 503 2417 11.
550 2381 693 2418 factum
739 2395 786 2417 ex
825 2381 929 2418 Livii
968 2381 1073 2430 Epit.
1112 2381 1167 2418 XI
1214 2380 1394 2418 efficitur.
1433 2399 1490 2406 —
1531 2381 1621 2416 156.
1655 2379 1750 2416 Cum

249 2447 544 2497 promptuaria
575 2445 676 2487 cella
708 2462 901 2486 carcerem
934 2453 1147 2498 comparat,
1182 2451 1284 2499 quia,
1310 2453 1354 2486 ut
1378 2463 1396 2485 e
1421 2449 1519 2485 cella
1542 2447 1591 2484 ad
1617 2460 1750 2484 cenam

256 2516 421 2562 cibaria,
456 2518 509 2553 ita
540 2530 559 2553 e
591 2530 746 2553 carcere
777 2516 941 2554 malefici
983 2517 1032 2553 ad
1070 2517 1304 2566 supplicium
1335 2519 1582 2566 promuntur.
1645 2515 1752 2552 Cella

256 2585 527 2632 promptuaria
558 2589 618 2621 est
644 2586 760 2621 etiam
785 2585 903 2633 Apul.
921 2584 1090 2634 Apolog.
1119 2586 1168 2621 54
1202 2589 1313 2632 extr.,
1347 2585 1561 2621 armarium
1592 2595 1750 2633 promp-

256 2652 427 2687 tuarium
460 2652 543 2688 Cat.
570 2652 615 2688 R.
643 2652 686 2688 R.
724 2654 785 2698 11,
821 2654 856 2689 3.
904 2653 948 2689 In
981 2653 1093 2690 codd.
1126 2652 1225 2689 male
1256 2653 1441 2690 scribitur
1463 2648 1749 2700 promptaria3

258 2718 362 2767 quod
407 2723 535 2755 autem
582 2720 846 2768 interpolator
885 2720 1028 2757 codicis
1067 2721 1097 2757 B
1139 2721 1311 2757 addidit:
1360 2717 1480 2770 quasi
1518 2730 1538 2757 e
1571 2730 1658 2768 pn,
1705 2731 1749 2754 eo

258 2785 372 2821 facilc
405 2799 591 2822 caremus.
624 2806 679 2810 —
711 2784 765 2824 ad
793 2784 990 2836 slclymcm,
1025 2789 1071 2824 cf.
1098 2789 1236 2825 Horat.
1262 2789 1388 2838 Epod.
1416 2789 1452 2836 4,
1481 2788 1551 2825 11;
1589 2785 1750 2833 „Sectus

257 2853 420 2901 flagellis
451 2853 512 2889 hic
543 2854 890 2891 triumviralibus··.
938 2855 1179 2892 Verberandi
1210 2858 1402 2893 rationem
1435 2856 1653 2892 accuratius
1685 2867 1748 2890 ex-
