1926 3275
737 296 779 330 V.
805 297 996 331 286—301.
1538 300 1622 339 265

117 429 167 466 ad
197 430 329 465 istunc
358 430 471 464 usust
501 427 738 475 conscriptis
770 424 972 463 modu1n“.
1035 425 1119 463 Cas.
1157 427 1256 463 124:
1296 430 1357 472 „te
1392 426 1622 474 adgerunda

117 510 278 536 curuom
326 509 428 544 aqua
468 492 652 531 faciam“.
714 494 798 531 Mil.
835 495 936 531 859:
989 493 1070 540 „Ne
1109 493 1292 531 dixeritis
1332 494 1493 532 obsecro
1531 494 1623 531 huic

115 569 294 603 uostram
323 561 482 600 fidem“.
532 562 629 599 ibid.
664 564 757 600 955.
795 563 915 600 1102.
962 562 1068 599 Poen.
1105 563 1203 599 376:
1242 563 1371 609 „Noui
1402 575 1474 611 ego
1505 562 1624 599 huius

116 646 244 670 mores
288 632 436 669 morosi
481 629 647 668 malos“.
715 631 830 668 Truc.
866 631 967 668 844:
1019 643 1171 677 „meum
1209 630 1412 668 Diniarchi
1456 644 1622 680 puerum

115 702 321 739 inuentum
351 697 515 736 filium“.

233 769 326 806 291.
368 765 513 805 dentes
541 764 767 816 pruriunt,
815 768 840 804 i.
875 780 906 804 e.
950 766 1137 803 dentibus
1175 767 1239 803 vel
1279 768 1338 803 ori
1377 781 1464 805 meo
1503 767 1624 817 plaga

116 836 330 887 infligetur.
384 835 485 872 Nam
517 836 584 883 qui
614 835 772 884 pruritu
803 834 968 880 laborat,
1004 835 1036 871 is
1070 848 1116 871 ex
1148 835 1355 884 plagarum
1388 839 1456 872 aut
1486 837 1623 874 verbe-

117 919 204 943 rum
230 905 364 942 dolore
396 904 508 953 quasi
532 904 710 952 pruritus
734 903 910 940 levamen
936 903 1011 939 sibi
1036 904 1189 952 quaerit.
1232 902 1329 939 Inde
1354 905 1511 953 prurire
1537 917 1624 941 enm

118 974 266 1020 dicunt,
300 972 363 1009 cui
393 970 560 1008 verbera
590 972 812 1017 imminent,
845 971 892 1007 cf.
925 971 1011 1008 Mil.
1046 972 1146 1007 399:
1192 971 1312 1017 „mihi
1344 971 1483 1009 dorsus
1515 975 1626 1010 totus

116 1039 288 1092 prurit“.
348 1039 454 1077 Poen.
492 1040 618 1076 1319:
673 1039 798 1085 „Num
836 1039 910 1076 tibi
948 1039 1059 1075 malae
1100 1042 1166 1075 aut
1206 1038 1342 1076 dentes
1381 1039 1620 1089 p1·uriunt‘?“

117 1110 226 1147 Pers.
262 1110 334 1146 32:
388 1108 580 1157 „scapulae
618 1105 846 1157 pruriunt“.
885 1127 942 1132 —
980 1108 1074 1144 292.
1106 1117 1276 1157 puywc‘O
1317 1121 1387 1143 em.
1421 1108 1625 1146 Acidalius

119 1178 206 1215 coll.
239 1176 342 1213 Rud.
378 1177 477 1213 763:
527 1175 627 1222 „tibi
665 1176 801 1212 messis
832 1177 873 1212 in
905 1188 971 1211 ore
1002 1174 1071 1211 fiet
1100 1176 1244 1223 mergis
1275 1175 1483 1225 pugneis“.
1546 1177 1626 1213 Ho-

118 1247 282 1295 spitium
305 1257 504 1294 pugneum
532 1247 602 1291 est,
631 1244 735 1293 quod
760 1246 904 1294 pugnis
927 1242 983 1290 fit,
1016 1245 1041 1279 i.
1070 1256 1101 1280 e.
1127 1243 1322 1293 pulsando
1347 1247 1386 1280 et
1408 1244 1625 1291 tundendo,

118 1318 163 1351 ut
181 1313 268 1350 Mil.
297 1313 395 1350 513:
434 1313 701 1362 „supplicium
725 1310 978 1349 stimuleu1n“
1016 1312 1065 1348 al.
1099 1332 1154 1336 —
1187 1312 1281 1348 294.
1306 1310 1470 1361 pamfli-5²
1499 1310 1630 1362 faciet

119 1382 168 1419 ‘nt
197 1378 422 1427 dormiam,
454 1382 512 1418 ita
542 1394 603 1417 me
633 1381 775 1431 pugnis
808 1380 1004 1427 onerabit,
1038 1384 1082 1417 ut
1113 1380 1348 1417 dormientis
1380 1381 1506 1417 instar
1538 1394 1625 1417 exa-

120 1451 235 1487 nimis
274 1450 496 1499 relinquar,
538 1449 584 1486 cf.
626 1462 661 1485 v.
698 1450 777 1486 299
817 1462 874 1498 sq.
907 1469 964 1473 -—
996 1450 1089 1486 295.
1129 1444 1312 1497 Oppido,
1352 1461 1536 1497 prorsus,
1578 1448 1625 1485 cf.

120 1519 230 1556 Asin.
266 1519 359 1555 285.
392 1517 511 1554 Most.
549 1518 639 1554 132.
678 1517 768 1553 161.
804 1518 897 1554 797.
930 1516 1052 1553 Mero.
1087 1517 1179 1553 700.
1213 1516 1319 1552 Pers.
1354 1517 1446 1554 740.
1480 1516 1624 1553 Pseud.

122 1587 216 1624 425.
244 1586 293 1623 al.
318 1606 374 1610 —
400 1586 493 1622 296.
528 1582 754 1623 aduorsum
786 1585 846 1622 ed.
872 1598 931 1634 pr.
958 1605 1013 1610 —-
1038 1581 1245 1622 auscultet
1274 1585 1450 1634 optative
1482 1584 1625 1621 intelli-

125 1654 314 1704 gendum3
339 1667 417 1691 non
442 1666 541 1702 opus
564 1657 624 1690 est
648 1654 924 1690 coniunctione
952 1650 1059 1699 „ut“.
1085 1673 1140 1678 —
1165 1654 1259 1689 297.
1285 1648 1438 1702 [altum
1463 1653 1510 1689 cf.
1533 1654 1625 1689 207.

125 1722 402 1773 Corruptelam
441 1721 621 1759 codicum
651 1721 857 1759 Acidalius
897 1722 950 1758 sic
988 1721 1238 1758 emendabat:
1292 1720 1442 1770 „Igitur
1473 1721 1629 1757 demum

124 1792 247 1840 magis
278 1788 517 1836 maiorem“;
550 1789 752 1827 Gertzius:
790 1789 941 1838 „Igitur
973 1790 1096 1838 magis
1127 1789 1287 1825 modum
1318 1790 1359 1825 in
1389 1788 1628 1825 morornm'⁴.

123 1859 224 1896 Mihi
257 1862 297 1896 et
326 1859 458 1907 aptius
490 1861 528 1895 et
557 1859 721 1908 propius
749 1858 895 1894 visum:
935 1857 1087 1906 „Igitur
1109 1859 1234 1906 magis
1258 1856 1373 1894 homo
1400 1856 1629 1894 maiorenff.

126 1923 273 1976 Ilsayis
309 1940 387 1963 non
425 1939 514 1963 raro
553 1925 659 1976 apud
697 1926 883 1963 Plautum
921 1940 968 1962 ex
1006 1924 1204 1975 superfluo
1244 1927 1524 1974 comparativis
1563 1925 1630 1961 ad-

126 1995 252 2041 ditur,
291 2008 327 2032 v.
360 1994 449 2032 Aul.
492 1995 586 2031 414.
636 1994 747 2043 Capt.
784 1995 877 2030 637.
924 1994 1030 2030 Men.
1067 1994 1116 2029 55
1159 1996 1197 2029 et
1238 1994 1330 2030 958.
1378 1993 1499 2030 Merc.
1536 1994 1629 2030 886.

126 2063 231 2100 Poen.
267 2063 331 2100 82.
368 2064 460 2100 212.
495 2063 589 2100 460.
636 2062 757 2099 Stich.
793 2063 886 2099 700.
947 2061 1028 2098 Nec
1068 2061 1186 2098 aliter
1217 2060 1343 2098 Graeci
1383 2062 1555 2111 antiqui,
1588 2064 1634 2097 ut

126 2130 240 2168 Hom.
274 2130 386 2167 Iliad.
422 2131 494 2177 24,
535 2131 635 2167 243:
685 2132 835 2180 ῥηίτεροι
875 2132 1020 2178 μᾶλλον.
1081 2129 1271 2166 Herodot.
1305 2128 1342 2175 I,
1378 2130 1450 2167 32:
1496 2131 1632 2177 μᾶλλον

128 2200 346 2248 ὀλβιώτερος.
397 2198 548 2235 Eodem
579 2198 697 2236 modo
731 2209 858 2247 aeque
883 2199 1049 2248 ponitur
1073 2197 1183 2246 Capt.
1213 2198 1306 2234 693.
1333 2217 1388 2222 —
1414 2198 1507 2234 298.
1541 2193 1633 2234 Iam

127 2265 244 2305 (liu-315
274 2264 394 2316 quod.
441 2266 675 2304 Fleckeisen
708 2276 830 2315 quom
861 2267 1032 2316 scripsit,
1065 2269 1111 2302 ut
1142 2266 1262 2302 Mero.
1295 2266 1393 2301 532:
1432 2265 1514 2311 „illi
1546 2265 1631 2314 qui-

128 2335 215 2372 dem
246 2335 351 2372 haud
382 2348 477 2372 sane
510 2334 619 2372 diust
649 2347 767 2383 quom
801 2334 939 2371 dentes
971 2331 1241 2371 exciderunt“.
1289 2332 1363 2370 Sed
1389 2335 1508 2369 etiam
1533 2332 1630 2369 illud

128 2403 275 2441 dictum
306 2403 476 2449 videtur,
510 2403 557 2440 cf.
590 2403 693 2440 Plin.
722 2402 795 2452 Ep.
824 2402 889 2449 IV,
920 2403 985 2448 27,
1016 2404 1056 2439 1:
1095 2402 1274 2448 „Tertius
1307 2401 1390 2437 dies
1422 2404 1492 2447 est,
1527 2400 1630 2450 quod

129 2471 262 2508 audivi
307 2473 541 2508 recitantem
582 2468 800 2508 Se11tium“.
862 2470 993 2507 Etiam
1040 2469 1146 2519 apud
1184 2469 1340 2506 Terent.
1381 2469 1523 2505 Heaut.
1561 2469 1630 2504 54:

134 2538 254 2585 „Inde
297 2539 396 2576 adeo
435 2539 543 2588 quod
575 2550 713 2586 agrum
745 2540 785 2575 in
816 2551 1007 2587 proxumo
1039 2537 1101 2574 hic
1133 2540 1329 2573 mercatus
1361 2535 1441 2573 est“
1478 2550 1631 2582 vercor,

130 2620 177 2644 ne
209 2620 347 2656 parum
378 2612 483 2644 recte
509 2606 568 2643 Fl.
607 2603 774 2655 „quom“
810 2618 882 2655 pro
919 2604 1072 2655 „quocP‘
1103 2606 1317 2655 scripserit.
1344 2625 1400 2629 —-
1425 2600 1634 2641 2519.ch

120 2672 310 2724 pridem,
358 2675 452 2711 olim
499 2673 767 2720 emendatum,
815 2674 838 2710 i.
881 2687 913 2710 e.
954 2676 1031 2710 iam
1072 2673 1158 2719 diu,
1206 2674 1252 2709 cf.
1286 2673 1375 2710 Ter.
1408 2673 1503 2709 Hec.
1538 2674 1631 2709 219.

130 2742 273 2780 Heaut.
309 2744 401 2779 229.
434 2762 491 2766 —
523 2743 616 2779 300.
649 2739 807 2789 nudos,
846 2741 1078 2779 verberatos
1117 2755 1156 2778 se
1197 2741 1382 2790 spoliasse
1422 2740 1631 2788 significat.

130 2830 186 2834 —
218 2811 311 2848 301.
345 2810 576 2848 commutem
614 2820 760 2847 meacm.
822 2810 951 2859 Vulgo
992 2809 1079 2846 edd.
1121 2812 1277 2847 inverso
1320 2809 1458 2845 ordine
1498 2818 1634 2845 mcum

131 2879 381 2925 commutem,
422 2892 470 2915 ne
510 2883 674 2927 quartus
713 2891 783 2928 pes
821 2879 943 2915 trium
981 2877 1221 2927 syllabarum
1253 2880 1324 2923 sit,
1359 2876 1426 2913 sed
1458 2890 1493 2913 v.
1527 2875 1631 2912 Prol.
