1926 3275
280 357 359 396 146
885 350 1166 395 Prolegomena.

278 496 325 520 ex
355 483 530 532 ipsarum
568 480 791 518 fabularum
829 479 922 517 stilo
959 479 1098 529 petitis
1137 478 1298 528 quidam
1334 478 1412 515 viri
1451 477 1558 515 docti
1587 477 1777 527 indagare

278 551 410 588 conati
440 552 541 586 sunt.
603 549 697 595 Quae
737 548 869 585 omnia
905 547 1118 584 incertiora
1148 549 1258 593 sunt,
1292 559 1409 596 quam
1439 548 1485 583 ut
1513 545 1587 583 hoc
1617 545 1778 595 quidem

275 619 362 656 loco
395 617 527 655 afferri
558 617 747 663 debeant3
777 617 819 652 in
850 615 1144 653 commentariis
1175 614 1420 663 singularum
1448 613 1673 651 fabularum
1697 614 1777 651 for-

275 690 380 724 tasse
410 699 531 723 unum
563 688 603 721 et
633 685 801 721 alterum
832 682 1219 721 commemorabitur.

390 753 581 790 Florebat
628 752 698 789 illo
745 755 924 801 tempore
971 750 1161 787 comoedia
1197 749 1378 787 Romana
1420 748 1578 796 Naevio,
1619 748 1775 796 Plauto,

277 821 455 867 Caecilio,
495 820 681 857 Terentio
728 819 893 868 aliisque
937 832 1041 856 nova
1086 831 1242 867 semper
1280 820 1319 854 et
1357 817 1516 867 egregia
1552 816 1601 853 de
1639 815 1776 854 Graeco

275 889 386 926 fonte
432 887 718 924 derivantibus.
779 886 857 924 Sed
893 889 984 936 post
1022 886 1200 923 Terentii
1244 888 1411 922 mortem
1456 885 1538 921 sive
1584 883 1777 922 exhausto

275 956 383 993 fonte
435 956 517 992 sive
562 953 769 992 deficiente
813 954 1083 991 haurientium
1128 966 1249 1003 opera
1292 965 1365 1002 per
1412 951 1575 1002 aliquod
1619 954 1777 1001 tempus

275 1024 377 1061 nihil
414 1022 624 1060 admodum
661 1023 755 1060 novi
785 1021 1065 1072 proveniebat,
1100 1020 1208 1071 quod
1238 1020 1374 1058 favore
1404 1020 1546 1070 populi
1577 1022 1617 1056 et
1648 1019 1777 1056 erudi-

275 1095 407 1129 torum
451 1090 568 1127 laude
612 1090 773 1140 dignum
813 1093 927 1127 esset.
996 1089 1125 1135 Quare
1165 1089 1379 1125 histriones
1423 1090 1577 1124 veteres
1623 1087 1778 1124 fabulas

276 1160 425 1196 referre
457 1162 678 1208 coeperunt,
711 1159 879 1195 maxime
905 1157 1056 1203 Plauti,
1090 1170 1187 1206 quas
1219 1157 1288 1206 qui
1318 1156 1593 1194 adulescentes
1624 1158 1778 1204 specta-

276 1230 432 1273 verant,
472 1229 585 1276 grata
620 1227 811 1263 memoria
849 1226 967 1262 etiam
1004 1228 1088 1262 tum
1125 1224 1332 1271 tenebant,
1373 1224 1482 1261 cuius
1513 1223 1571 1260 rei
1600 1223 1778 1260 luculen-

274 1296 471 1332 tissimum
514 1294 785 1331 testimonium
830 1296 940 1330 extat
978 1292 1129 1330 Casinae
1172 1292 1382 1341 prologus,
1427 1292 1498 1330 ubi
1541 1292 1644 1338 haeo,
1691 1303 1778 1340 quae

276 1362 681 1408 commemoravimus,
716 1362 875 1410 copiose
907 1364 947 1398 et
977 1360 1107 1409 lepide
1139 1363 1402 1409 exponuntur.
1447 1359 1531 1397 Nec
1560 1358 1779 1397 verendum

276 1433 379 1477 erat,
412 1443 460 1466 ne
491 1429 570 1466 illae
600 1428 744 1466 fabulae
775 1442 856 1466 non
895 1429 1108 1478 plerosque
1147 1429 1268 1465 etiam
1304 1429 1482 1465 novitate
1520 1427 1776 1464 delectarent.

274 1497 375 1535 Nam
412 1496 482 1534 illo
520 1500 700 1545 tempore
738 1496 908 1533 Romani
952 1496 1128 1534 nondum
1173 1496 1319 1532 litteris
1365 1495 1491 1533 dediti
1536 1497 1669 1541 erant,
1708 1507 1780 1531 nec

274 1565 401 1602 multa
429 1564 674 1613 legebantur.
736 1563 869 1601 Plauti
907 1564 1106 1601 comoediae
1146 1576 1290 1610 scenae,
1332 1577 1412 1601 non
1453 1562 1634 1600 cubiculo
1675 1575 1778 1600 com-

274 1633 414 1682 positae
454 1635 566 1669 erant
602 1645 673 1668 nec
704 1645 727 1668 a
755 1632 930 1669 librariis
968 1631 1096 1668 nitide
1136 1631 1345 1680 descriptae
1383 1631 1423 1667 in
1457 1630 1634 1667 tabernis
1671 1629 1780 1679 apud

276 1700 405 1736 forum
435 1699 680 1748 prostabant,
713 1699 782 1736 sed
811 1700 1001 1737 tenebant
1032 1713 1097 1736 eas
1132 1700 1200 1749 qui
1231 1701 1392 1748 egerant
1420 1698 1648 1735 histriones.
1703 1696 1779 1743 Qui

277 1780 398 1817 quum
430 1780 494 1803 eas
528 1766 656 1803 denuo
687 1767 894 1814 referrent,
927 1767 1038 1804 nulla
1069 1780 1186 1804 causa
1217 1769 1313 1813 erat,
1347 1779 1415 1803 cur
1444 1778 1523 1803 non
1549 1779 1595 1803 ea
1621 1765 1778 1803 omitte-

275 1838 377 1881 rent,
411 1848 497 1884 quae
529 1848 667 1883 parum
697 1835 897 1884 placitura
921 1837 1128 1883 putarent,
1163 1847 1208 1871 ea
1239 1834 1450 1880 adderent,
1485 1846 1571 1883 quae
1601 1833 1665 1870 vel
1693 1845 1778 1869 mu-

274 1904 351 1941 tati
381 1903 569 1951 temporis
610 1903 714 1939 ratio
752 1903 816 1939 vel
852 1903 1029 1951 ipsorum
1066 1901 1253 1939 iudicium
1292 1901 1520 1938 desiderare
1559 1901 1777 1938 videretur.

274 1970 533 2019 Prologorum
564 1969 775 2019 plerosque
807 1983 872 2006 eos
904 1969 1106 2007 addidisse
1138 1971 1321 2018 apparet3
1355 1969 1433 2005 alia
1462 1981 1618 2018 quoque
1650 1980 1777 2006 acces·-

276 2039 372 2076 sisse
412 2038 672 2086 suspicamur,
712 2037 782 2074 sed
828 2050 914 2086 quae
956 2050 1112 2087 quoque
1156 2040 1334 2085 tempore
1380 2036 1518 2073 addita
1561 2037 1658 2083 sint,
1704 2048 1777 2073 nos

278 2105 437 2155 quidem
468 2104 684 2141 diiudicare
715 2117 792 2140 non
823 2117 1045 2153 possumus.
1106 2103 1212 2141 Illud
1248 2104 1384 2153 negari
1414 2104 1481 2140 vix
1511 2106 1665 2152 potest,
1698 2115 1777 2140 non

275 2185 365 2210 raro
396 2172 466 2208 has
497 2171 650 2208 fabulas
682 2171 962 2208 additamentis
985 2175 1067 2208 tam
1092 2172 1237 2221 ineptis
1262 2175 1302 2208 et
1324 2171 1463 2220 putide
1488 2171 1624 2208 otiosis
1647 2171 1777 2220 inqui-

275 2243 388 2277 natas
413 2252 508 2286 esse,
543 2251 628 2288 quae
659 2239 734 2275 nisi
760 2239 879 2288 longo
906 2242 998 2288 post
1021 2239 1155 2276 Plauti
1181 2242 1351 2276 mortem
1375 2242 1557 2288 tempore
1583 2238 1677 2276 addi
1699 2251 1777 2275 non

275 2307 489 2356 potuerint.

389 2374 533 2410 Verum
565 2375 598 2410 si
628 2374 761 2411 Plauti
802 2374 1000 2411 comoediae
1039 2388 1118 2411 non
1156 2374 1374 2422 legentium
1411 2374 1594 2411 manibus
1631 2375 1776 2411 tracta-

274 2441 433 2487 bantur,
467 2444 508 2477 at
538 2445 807 2490 spectatorum
839 2442 1027 2479 memoria
1058 2442 1371 2489 celebrabantur,
1399 2455 1471 2479 nec
1498 2442 1674 2488 deerant,
1708 2441 1776 2490 qui

277 2522 342 2545 eas
380 2509 522 2545 ceteris
568 2509 750 2546 omnibus
795 2511 1041 2558 praeferrent.
1103 2509 1302 2559 Sedigitus
1342 2510 1477 2556 etiam,
1519 2509 1588 2558 qui
1619 2508 1775 2546 Caecilio

276 2577 358 2613 sive
396 2579 560 2624 propter
597 2577 829 2625 gravitatem
870 2577 951 2614 sive
990 2580 1156 2627 propter
1194 2580 1425 2627 argumenta
1465 2574 1526 2624 (ut
1565 2576 1620 2613 ait
1649 2575 1775 2613 Varro

276 2642 381 2691 apud
411 2642 581 2679 Nonium
610 2656 648 2692 p.
684 2642 781 2691 373)
822 2644 993 2693 palmam
1030 2645 1191 2691 tribuit,
1232 2645 1417 2681 Plautum
1462 2646 1614 2680 ceteros
1660 2642 1775 2680 facile

276 2722 511 2758 exsuperare
557 2711 613 2747 ait
659 2708 778 2757 (Gell.
810 2711 893 2758 XV,
928 2709 1020 2759 24);
1066 2711 1112 2748 L.
1153 2711 1252 2749 Stilo
1290 2711 1427 2748 Musas
1460 2711 1645 2748 Plautino
1691 2723 1774 2747 ser-

275 2789 391 2814 mone
427 2777 627 2814 locuturas
666 2778 784 2815 fuisse
823 2778 973 2825 aiebat,
1013 2779 1045 2815 si
1075 2778 1218 2815 Latine
1261 2779 1371 2828 loqui
1407 2778 1557 2816 vellent
1590 2776 1772 2825 (Quintil.

275 2844 330 2891 X,
367 2845 407 2890 l,
442 2842 532 2890 99),
573 2858 644 2880 nec
681 2846 801 2881 nimia
845 2845 1054 2882 videbatur
1098 2846 1183 2882 laus
1228 2846 1540 2895 epigrammatis,
1580 2845 1687 2894 quod
1716 2844 1771 2882 M.

275 2911 400 2948 Varro
431 2914 618 2959 posuerat
648 2912 689 2948 in
720 2912 822 2948 libro
853 2912 900 2949 de
930 2914 1058 2962 poetis
1088 2914 1236 2961 primo:
