1926 3275
816 328 1050 372 Amphitruo
1169 352 1174 357 .
1634 335 1656 372 6
1663 336 1685 373 5

184 453 372 507 Optumo
404 454 496 495 iure
527 453 792 506 infringatur
823 454 926 495 aula
957 454 1125 495 cineris·
1146 454 1191 494 in
1223 458 1366 508 caput.
1601 456 1688 490 1030

182 597 246 639 Ne
271 601 319 639 tu
346 597 554 651 postules,
579 597 749 639 matula
772 598 859 639 iam
882 598 968 640 iam
991 597 1072 639 tibi
1098 611 1257 651 aquam
1280 597 1461 640 infundo
1479 599 1525 640 in
1542 604 1686 654 caput.

775 742 813 783 A
821 757 863 783 m
874 757 901 796 p
911 741 962 783 hi
972 745 990 803 15
999 757 1020 783 r
1031 757 1059 783 u
1070 756 1094 783 o

183 814 296 865 Quid
327 814 571 876 minitabas
592 818 636 855 te
667 813 899 863 facturum,
932 815 968 856 si
998 815 1107 856 istas
1138 814 1404 869 pepulissem
1435 813 1550 856 fores
1562 816 1582 856 ‘?

182 958 249 1000 Ibi
280 957 455 1000 scrobes
487 957 678 1000 ecfodito
713 962 755 1000 tu
787 958 884 1012 plus
918 972 1156 1011 sexagenos
1188 959 1231 999 in
1264 959 1355 1000 dies

180 1102 281 1144 Noli
313 1117 513 1157 pessumo
546 1103 730 1156 precari.

759 1231 949 1272 animam
981 1231 1216 1284 comprime
1599 1233 1695 1266 1035-

281 1318 391 1357 quae
423 1319 490 1345 me
523 1304 701 1345 absente
735 1318 892 1357 corpus
924 1303 1122 1355 uolgauit
1154 1317 1290 1344 suum.

789 1449 1079 1489 Alcumena

181 1520 333 1570 Quaese
366 1520 617 1561 aduenienti
648 1521 799 1562 morbo
831 1519 1096 1561 medicamen
1132 1519 1224 1560 tibi.

180 1592 244 1633 Tu
276 1596 394 1633 certe
427 1596 504 1633 aut
533 1592 732 1633 laruatus
765 1597 839 1633 aut
872 1592 1057 1633 cerritus
1091 1605 1144 1631 es.

181 1781 268 1814 1030
291 1779 387 1813 Non.
408 1789 448 1822 p.
476 1779 550 1811 543
573 1786 645 1811 voe.
674 1775 778 1809 Aula.

180 1838 264 1870 1031
292 1836 386 1870 Non.
408 1846 447 1879 p.
475 1836 565 1868 543:
602 1833 773 1875 Matella,
806 1831 995 1876 aquarium
1026 1843 1107 1874 vas,
1139 1831 1291 1865 Plautus
1323 1832 1360 1865 in
1392 1831 1677 1875 Amphitryone:

245 1891 300 1926 Ne
326 1895 367 1926 tu
392 1891 558 1936 postules
583 1890 763 1924 matulam
790 1901 902 1923 unam
927 1888 996 1922 tibi
1023 1899 1155 1932 aquam
1179 1887 1325 1922 infundi
1350 1888 1388 1922 in
1413 1892 1534 1932 caput.

180 1951 266 1983 1032
290 1949 386 1983 Non.
407 1959 446 1992 p.
475 1950 567 1982 473.-
593 1947 745 1981 Minitas
771 1958 838 1990 pro
865 1946 1048 1979 minitaris
1155 1945 1309 1978 Plautus
1332 1945 1370 1978 in
1391 1945 1677 1989 Amphitryone:

245 2004 339 2048 Quid
366 2008 433 2039 etc.

180 2063 266 2097 1033
291 2062 474 2096 Priscian.
509 2062 548 2106 V,
575 2064 632 2105 41,
652 2072 692 2105 p.
715 2062 787 2094 168
809 2059 879 2093 H..
906 2058 1042 2093 Scrobs
1069 2085 1075 2091 .
1098 2085 1104 2091 .
1132 2061 1169 2092 et
1193 2058 1396 2092 masculino
1422 2069 1555 2101 genere
1580 2058 1677 2091 inve-

244 2120 354 2153 nitur.
393 2119 544 2153 Plautus
566 2119 603 2152 in
617 2117 893 2162 Amphitrione:
920 2116 975 2149 Ibi
1001 2115 1149 2149 scrobes
1177 2114 1286 2149 effodi
1312 2115 1446 2158 duplus
1472 2125 1676 2158 sexagenos

244 2177 282 2211 in
308 2176 395 2210 dies.
433 2176 490 2210 Id.
521 2175 611 2217 VII,
638 2177 699 2218 40,
717 2185 756 2218 p.
784 2175 878 2208 321:
904 2173 1056 2207 Plautus
1082 2172 1286 2206 masculino
1314 2183 1448 2216 genere
1474 2171 1613 2215 profert
1638 2171 1676 2204 in

245 2233 534 2278 Amphitryone:
560 2232 616 2266 Ibi
641 2232 788 2266 scrobes
804 2222 964 2264 'effodito
990 2230 1073 2274 plus
1100 2240 1302 2273 sexagenos
1329 2230 1366 2262 in
1393 2228 1478 2262 dies.
1529 2228 1676 2262 Nonius

237 2302 275 2334 p.
303 2292 401 2324 225:
429 2289 585 2323 Scrobes
610 2288 788 2322 feminino
815 2299 966 2332 genere3
992 2286 1194 2321 masculino
1215 2286 1366 2319 Plautus
1387 2284 1673 2328 Amphitryone:

245 2347 300 2381 Ibi
327 2347 474 2380 scrobes
500 2346 617 2379 fodito
650 2356 855 2389 sexagenos
888 2345 927 2378 in
953 2344 1039 2377 dies.
1091 2343 1145 2385 Cf.
1174 2344 1281 2377 etz'am
1305 2342 1414 2376 Proh.
1442 2341 1604 2376 Lindem.
1636 2340 1671 2377 C.

246 2403 309 2437 Gr.
339 2403 372 2446 I,
392 2413 430 2446 p.
460 2404 544 2436 120.

178 2461 264 2494 1034
290 2459 439 2493 Servius
469 2460 518 2492 ad
546 2458 639 2492 AEn.
678 2458 799 2501 VIII,
833 2459 923 2491 127.-
963 2457 1058 2491 Sane
1094 2460 1235 2490 veteres
1274 2459 1311 2489 et
1346 2466 1478 2498 precor
1514 2454 1567 2487 illi
1606 2464 1672 2497 pro

241 2527 374 2560 precor
403 2527 470 2559 pro
502 2516 568 2548 illo
600 2515 782 2548 dicebant.
832 2514 984 2547 Plautus
1018 2514 1055 2547 in
1081 2513 1352 2556 Amphitruone
1379 2510 1487 2554 „Noli
1512 2511 1672 2554 pessimo

242 2572 406 2616 pr‹›cari“
432 2573 502 2606 hoc
529 2575 584 2605 cst
608 2583 674 2615 pro
699 2571 859 2615 pessimo
886 2571 963 2604 noli
989 2570 1139 2613 precari.

178 2631 263 2663 1035
288 2630 435 2663 Nonius
453 2640 491 2672 pv
519 2630 616 2662 233:
643 2628 776 2661 Anima
802 2628 933 2661 iterum
960 2626 1145 2669 significat
1170 2623 1399 2658 iracundiam
1423 2623 1478 2657 vol
1500 2622 1670 2663 furorem,

244 2685 339 2719 undc
366 2689 402 2719 ot
427 2685 583 2719 animosi
609 2685 781 2718 dicuntur
805 2683 980 2717 iracundi.
1018 2683 1170 2716 Plautus
1197 2681 1481 2725 Amphitryone:
1509 2681 1669 2714 animam

243 2743 453 2786 comprime.

177 2800 262 2832 1036
288 2799 435 2833 Nonius
452 2809 491 2841 p.
520 2799 613 2832 182.-
645 2797 821 2841 Vulgauit
851 2798 1003 2831 honeste
1035 2796 1216 2840 positum,
1247 2794 1319 2828 vile
1350 2793 1480 2827 habuit
1505 2798 1540 2826 et
1565 2793 1666 2836 quasi

241 2855 280 2889 in
305 2855 434 2899 vulgus
461 2854 573 2888 dedit.
623 2854 774 2888 Plautus
800 2853 1086 2897 Ai‘nphitryonc:
1122 2852 1303 2894 Cuiusque
1334 2861 1391 2883 me
1423 2850 1572 2883 absente
1599 2854 1666 2882 otc.

176 2912 263 2946 1037
287 2923 338 2955 sq.
365 2912 512 2945 Nonius
529 2922 568 2955 p.
597 2913 663 2945 44:
698 2910 828 2944 Cei-riti
861 2915 897 2943 et
927 2910 1058 2943 laruati
1091 2909 1185 2942 male
1211 2908 1288 2941 sani
1317 2934 1322 2939 .
1344 2933 1350 2939 .
1374 2934 1378 2938 .
1408 2906 1558 2940 Plautus
1585 2906 1667 2938 Am-

1375 2976 1394 3004 Γ)
