1926 3275
252 270 304 307 ss
936 266 1055 299 Plauti
1525 266 1552 307 1,
1567 267 1598 305 3,
1615 266 1744 298 15—31

837 391 1164 444 Argyrippus

254 473 335 523 Qui
366 469 516 511 modus
549 466 710 508 dandi?
741 478 840 505 nam
870 476 1106 516 numquam
1138 466 1185 503 tu
1218 461 1391 515 quidem
1418 461 1582 515 expleri
1608 466 1746 516 potes.

252 543 381 585 Modo
414 554 543 595 quom
575 536 794 590 accepisti,
827 534 943 575 haud
975 534 1109 575 multo
1141 537 1241 587 post
1265 533 1430 587 aliquid
1455 534 1571 587 quod
1593 547 1747 588 poscas

1208 619 1349 658 paras.

877 676 1128 718 Cleareta

255 758 367 808 Quid
398 755 557 797 modist
583 751 815 801 (luctando,
843 748 1059 790 amando?
1090 762 1378 800 numquamne
1405 749 1570 803 expleri
1594 750 1749 803 potes?

255 830 383 871 Modo
414 826 627 875 remisisti,
661 823 865 864 continuo
898 821 984 861 iam
1014 824 1061 861 ut
1091 820 1311 861 remittam
1342 820 1396 862 ad
1427 825 1469 862 te
1500 835 1641 874 rogas.

836 893 1166 946 Argyrippus

256 971 364 1012 Dedi
397 968 596 1023 equidem
629 966 743 1020 quod
774 979 941 1006 mecum
973 964 1109 1016 egisti.

857 1035 1131 1076 'Cleareta

973 1107 1030 1148 Et
1060 1106 1140 1147 tibi
1172 1120 1249 1158 ego
1280 1107 1378 1148 misi
1408 1107 1644 1148 mulierem.
1689 1113 1753 1145 170

255 1186 340 1227 Par
369 1185 465 1239 pari
496 1182 644 1223 datum
674 1180 1039 1229 hostimentumst,
1073 1192 1207 1232 opera
1239 1192 1316 1231 pro
1352 1179 1548 1231 pecunia.

842 1251 1171 1304 Argyrippus

257 1328 371 1370 Male
403 1327 493 1380 agis
524 1339 704 1366 mecum.

884 1394 1131 1435 Cleareta

680 1467 792 1518 Quid
823 1481 889 1507 me
921 1479 1116 1516 accusas,
1151 1465 1186 1505 si
1216 1464 1329 1505 facio
1363 1463 1553 1505 officium
1583 1463 1754 1505 meum?

258 1545 368 1585 Nam
398 1555 538 1596 neque
570 1540 720 1581 fictum
750 1543 973 1593 usquamst
1004 1551 1143 1591 neque
1176 1537 1341 1590 pictum
1371 1550 1512 1591 neque
1545 1536 1759 1589 scriptum
1784 1549 1788 1552 ·

1209 1609 1253 1649 in
1284 1609 1510 1662 poelnatis,

258 1687 341 1728 Ubi
374 1687 471 1727 lena
500 1685 609 1726 bene
643 1687 745 1736 agat
778 1697 873 1724 cum
905 1682 1111 1736 quiquam
1143 1684 1335 1731 amante,
1369 1695 1479 1734 quae
1510 1678 1623 1732 frugi
1661 1692 1753 1720 esse

1210 1752 1315 1793 uolt.

838 1826 1170 1879 Argyrippus

257 1900 362 1942 Mihi
400 1900 573 1954 quidem
611 1903 653 1939 te
693 1912 873 1952 parcere
913 1900 1140 1949 aequomst
1179 1895 1374 1946 tandem,
1412 1899 1462 1936 ut
1491 1894 1571 1936 tibi
1604 1894 1755 1935 durem

1212 1967 1295 2007 diu.
1691 1964 1755 1998 175

883 2040 1133 2081 Cleareta

258 2116 353 2156 Non
386 2120 431 2156 tu
465 2115 578 2155 scis?
611 2127 721 2165 quae
753 2112 916 2153 amanti
943 2114 1107 2164 parcet,
1135 2110 1286 2151 eadem
1310 2109 1391 2150 sibi
1417 2113 1566 2162 parcet
1589 2121 1753 2161 parum.

259 2187 390 2236 Quasi
423 2186 551 2238 piscis
584 2185 775 2225 itidemst
807 2187 975 2224 amator
1006 2183 1148 2233 lenae,
1181 2185 1409 2235 nequamst
1439 2181 1522 2221 nisi
1552 2193 1717 2220 recens.

259 2258 299 2298 Is
333 2258 465 2298 habet
505 2271 674 2307 sucum,
706 2257 740 2296 is
773 2255 1053 2305 suauitatemg
1087 2268 1182 2293 cum
1215 2254 1368 2307 quouis
1401 2256 1529 2306 pacto
1563 2250 1754 2300 condias,

258 2329 338 2370 Uel
371 2329 635 2382 patinarium
667 2326 737 2367 uel
769 2340 925 2368 assum.
955 2340 1104 2366 uorscs
1137 2340 1220 2378 quo
1254 2334 1382 2378 pacto
1417 2324 1549 2364 lubet.

262 2402 298 2441 Is
331 2401 435 2441 darc
468 2400 578 2445 uolt,
612 2399 646 2439 is
680 2414 724 2439 se
757 2398 919 2450 aliquid
952 2397 1092 2451 posci3
1132 2410 1231 2437 nam
1262 2396 1321 2436 ibi
1354 2395 1404 2436 de
1437 2395 1564 2449 pleno
1598 2394 1755 2447 promi-

1212 2473 1294 2512 tur,
1692 2465 1756 2498 180

260 2544 408 2596 Neque
441 2543 512 2583 ille
546 2543 627 2583 scit
658 2541 761 2593 quid
794 2541 877 2591 det,
912 2540 1013 2593 quid
1047 2540 1192 2580 damni
1225 2539 1374 2589 faciat,
1405 2538 1469 2579 illi
1500 2538 1563 2579 rei
1590 2536 1754 2578 studet:

260 2614 362 2655 Uolt
393 2614 564 2667 placere
597 2628 688 2654 sese
721 2613 899 2663 amicae,
932 2612 1025 2652 uolt
1055 2611 1170 2661 mihi,
1204 2611 1295 2651 uolt
1325 2611 1599 2664 pedisequae,

356 2783 417 2816 167
442 2782 554 2815 Modo
582 2781 678 2824 quod
753 2782 814 2814 173
840 2780 932 2814 Nam
959 2792 1075 2823 noque
1102 2792 1253 2823 usquam
1278 2779 1420 2823 pictum
1439 2789 1557 2821 neque
1577 2778 1755 2821 scriptum

265 2841 327 2872 177
354 2839 456 2871 laune
531 2840 593 2870 150
619 2838 679 2870 ubi
755 2839 817 2870 182
841 2837 943 2880 pedis
971 2848 1085 2879 aequre
