1926 3275
130 322 157 365 I,
174 324 206 364 3,
220 322 355 355 22—36
764 318 997 362 Amphitruo.
1582 321 1630 358 31

758 444 1004 499 Iuppiter

1224 516 1404 557 Muttito
1435 514 1577 556 modo.

734 590 1033 631 Mercurius

129 664 340 717 Nequiter
371 677 507 716 paene
540 663 762 716 expediuit
792 662 933 716 prima
963 661 1236 715 parasitatio.

758 734 1007 788 Iuppiter

129 807 292 849 Uerum
323 806 439 861 quod
471 811 518 848 tu
550 807 675 857 dicis,
708 821 807 848 mea
837 821 965 858 uxor,
998 821 1084 847 non
1116 810 1159 847 te
1190 805 1295 846 mihi
1331 804 1463 845 irasci
1495 804 1630 846 decet.

131 879 384 921 Clanculum
417 880 507 920 abii
538 894 563 920 a
594 880 782 932 legione,
817 893 994 932 operam
1025 879 1137 919 hanc
1169 877 1366 931 subripui
1395 876 1488 927 tibi,

128 953 193 994 Ex
216 967 283 994 me
308 952 446 1006 primo
472 956 518 992 m
541 952 680 1005 prima
704 952 848 1001 scires,
874 966 965 992 rem
989 955 1037 992 ut
1062 951 1290 1003 gessissem
1307 949 1539 1003 publicam.
1567 953 1634 986 520

130 1025 194 1065 Ea
223 1025 304 1066 tibi
335 1024 479 1065 omnia
511 1025 726 1065 enarraui.
773 1024 866 1064 Nisi
896 1027 940 1064 te
973 1037 1164 1064 amarem
1196 1023 1454 1076 plurumum,

129 1097 226 1138 Non
256 1096 458 1138 facerem.

734 1169 1031 1210 Mercurius

483 1241 664 1283 Facitne
695 1245 743 1282 ut
775 1241 893 1282 dixi?
924 1240 1122 1281 timidam
1154 1239 1282 1293 palpo
1317 1238 1517 1292 percutit.

759 1313 1007 1367 Iuppiter

130 1386 254 1427 Nunc
284 1399 337 1426 ne
368 1385 479 1438 legio
513 1386 812 1438 persentiscat,
845 1385 955 1426 clam
986 1384 1088 1426 illuc
1118 1382 1430 1425 redeunslumst
1460 1382 1575 1433 mihi,

130 1458 194 1499 Ne
225 1472 292 1500 me
323 1472 503 1499 uxorem
534 1458 828 1511 praeuortisse
861 1457 1008 1498 (licant
1039 1470 1143 1509 prae
1174 1470 1221 1496 re
1255 1454 1442 1508 publica.

743 1530 1031 1570 Alcumena

130 1602 468 1643 Lacrumantem
500 1616 552 1643 ex
584 1601 706 1643 abitu
739 1602 973 1642 concinnas
1005 1604 1053 1642 tu
1085 1604 1203 1641 tuam
1235 1613 1427 1641 uxorem.

763 1673 1008 1726 Iuppiter

1409 1742 1541 1793 Tace3
1569 1746 1635 1779 525

132 1820 195 1861 Ne
228 1832 455 1872 corrumpe
489 1817 655 1869 oculos3
687 1817 839 1859 redibo
872 1820 1080 1858 actutum.

742 1889 1032 1930 Alcumena

1106 1959 1156 2000 Id
1187 1962 1383 2000 actutum
1415 1957 1541 1999 diust.

763 2033 1007 2087 Iuppiter

132 2107 231 2148 Non
262 2121 340 2160 ego
372 2111 414 2148 te
447 2105 516 2147 hic
547 2106 700 2147 lubens
732 2107 930 2159 relinquo
962 2118 1101 2157 neque
1134 2103 1242 2145 abeo
1276 2103 1352 2144 abs
1384 2106 1439 2144 te.

743 2177 1028 2219 Alcumena

1442 2246 1607 2296 Senti03

135 2322 246 2363 Nam
277 2335 362 2375 qua
391 2326 518 2363 nocte
551 2321 605 2362 ad
636 2336 703 2363 me
733 2321 904 2373 uenisti,
936 2320 1087 2362 eadem
1119 2320 1223 2361 abis.

766 2393 1012 2447 Iuppiter

1244 2460 1328 2502 Cur
1359 2474 1426 2501 me
1457 2460 1608 2501 tenes?

137 2539 323 2592 Tempus
356 2540 435 2587 (33153
468 2536 585 2577 exire
617 2550 669 2577 ex
699 2536 805 2578 urbe
838 2537 956 2590 prius
989 2549 1118 2589 quam
1148 2534 1343 2574 lucescat
1372 2531 1485 2573 uolo.

137 2611 262 2652 Nunc
300 2609 380 2650 tibi
417 2607 528 2648 hanc
566 2612 784 2661 pateram,
825 2622 934 2661 quae
976 2606 1086 2647 ‹lono
1126 2606 1184 2645 nii
1221 2605 1284 2645 illi
1330 2604 1383 2644 ob
1429 2604 1635 2644 uirtutem

1094 2677 1251 2723 datast,
1572 2674 1638 2706 530

231 2850 296 2883 519
322 2849 381 2882 abi
498 2849 564 2881 520
595 2851 636 2882 uh
667 2859 731 2882 om.
830 2848 1019 2881 cessissem
1137 2847 1202 2879 529
1234 2848 1289 2879 est
1321 2855 1385 2878 om.
1483 2842 1638 2875 lueiscat}

139 2907 205 2940 530
230 2906 304 2939 illic
665 2904 668 2908 '
