1926 3275
299 303 349 339 58
980 298 1101 331 Plauti
1528 297 1592 339 ΙΙΙ,
1607 298 1638 339 2,
1656 298 1790 330 38--56

354 424 524 464 Testem
555 437 680 476 quem
713 422 873 464 dudum
904 428 946 464 te
978 423 1265 464 adducturum
1298 423 1478 473 dixeras,

354 495 412 535 Te
443 494 526 535 huc
556 508 642 535 non
673 495 871 535 uenisse?

919 566 1166 619 Iuppiter

882 637 1033 690 Siquid
1065 638 1269 679 dictumst
1299 652 1377 692 per
1408 638 1562 688 iocum,

353 710 449 751 Non
482 713 706 763 aequomst
735 709 779 750 id
810 713 852 750 te
885 710 994 750 serio
1022 710 1303 762 praeuortier.

900 780 1188 822 Alcumena

352 852 443 904 Ego
475 851 580 892 illud
614 853 701 893 scio
734 866 862 905 quam
895 852 1081 893 doluerit
1114 852 1233 892 cordi
1264 867 1371 893 meo.
1723 851 1790 885 915

921 923 1164 976 Iuppiter

352 995 434 1036 Per
466 995 683 1036 dexteram
715 998 834 1035 tuam
865 996 919 1045 te,
950 995 1198 1045 Alcumena,
1232 1009 1319 1045 oro,
1353 995 1545 1046 obsecro,

352 1067 418 1107 Da
448 1066 551 1107 mihi
582 1066 692 1106 hanc
722 1068 906 1117 ueniam,
940 1067 1126 1119 ignosce,
1156 1068 1270 1107 irata
1300 1081 1352 1107 ne
1385 1067 1479 1107 sies.

901 1138 1188 1179 Alcumena

351 1209 442 1261 Ego
475 1209 611 1250 istaec
641 1208 722 1250 feci
754 1209 889 1250 uerba
919 1210 1083 1250 uirtute
1115 1210 1257 1250 inrita.

351 1281 471 1322 Haec
503 1281 674 1334 quando
706 1279 834 1321 factis
866 1296 932 1322 me
964 1282 1177 1334 inpudicis
1209 1282 1407 1332 abstinet,

350 1352 414 1393 Ab
447 1352 659 1405 inpudicis
693 1352 815 1392 dictis
848 1354 991 1393 auorti
1021 1353 1134 1394 uolo.
1723 1354 1790 1387 920

350 1423 518 1475 Ualeas‚
551 1424 632 1464 tibi
662 1424 823 1465 habeas
854 1438 924 1465 res
956 1429 1064 1475 tuas,
1095 1424 1251 1465 reddas
1282 1438 1412 1465 meas.

350 1495 486 1536 Iuben
518 1495 621 1536 mihi
651 1496 713 1536 ire
747 1496 955 1536 comites?

916 1566 1162 1620 Iuppiter

975 1638 1142 1678 Sanane
1173 1639 1249 1679 es?

901 1709 1188 1750 Alcumena

1256 1782 1300 1823 Si
1330 1796 1416 1823 non
1447 1782 1583 1834 iubes,

351 1850 426 1891 Ibo
459 1855 646 1903 egomet3
681 1852 880 1892 comitem
910 1852 1015 1892 mihi
1046 1853 1299 1906 pudicitiam
1331 1854 1505 1895 duxero.

917 1924 1160 1977 Iuppiter

350 1992 486 2042 Mane,
521 1993 738 2035 arbitratu
769 1999 844 2035 tuo
875 1996 940 2036 ius
971 1996 1200 2037 iurandum
1231 1996 1356 2046 dabo,

349 2063 416 2104 Me
448 2078 587 2104 meam
619 2065 820 2118 pudicam
852 2081 943 2108 esse
975 2082 1153 2109 uxorem
1184 2068 1452 2109 arbitrarier.
1720 2068 1787 2102 925

350 2134 399 2174 Id
432 2149 508 2187 ego
541 2137 575 2176 si
606 2136 722 2187 fallo,
755 2142 846 2178 tum
877 2142 933 2188 te,
967 2153 1130 2180 summe
1162 2126 1400 2193 Iuppiter,¹

350 2206 516 2255 Quaeso
550 2207 850 2260 Amphitruoni
882 2214 929 2250 ut
961 2224 1131 2264 semper
1162 2212 1298 2251 iratus
1330 2211 1423 2252 sies.

898 2281 1183 2323 Alcumena

352 2348 425 2398 Ah,
458 2350 670 2402 propitius
701 2351 757 2391 sit
788 2352 944 2403 potius.

920 2422 1162 2476 Iuppiter

984 2494 1149 2535 *Jonfido
1182 2495 1294 2546 fore3

349 2561 453 2600 Nam
490 2563 553 2602 ius
586 2563 813 2604 iurandum
844 2579 993 2606 uerum
1025 2570 1067 2606 te
1100 2566 1332 2607 aduorsum
1364 2567 1473 2608 dedi.

349 2631 437 2671 1:1111
471 2647 581 2673 nunc
611 2634 724 2675 irata
755 2650 841 2676 non
873 2638 948 2676 es?

382 2800 447 2831 915
473 2799 575 2832 illum
668 2803 733 2835 916
760 2803 927 2837 dextram
1020 2805 1085 2838 919
1111 2804 1216 2839 Nunc
1288 2807 1451 2842 abstines
1539 2807 1604 2840 922
1631 2805 1782 2840 Sannan

291 2856 356 2887 928
381 2855 600 2898 Apropicius
