1926 3275
249 289 332 329 200
860 283 1140 328 Prolegomena.

248 430 325 467 que
357 416 586 454 credibilem
627 415 826 452 statuisse.
885 412 1080 462 Exempla
1117 411 1297 462 quaedam
1334 412 1471 450 attulit
1501 412 1669 452 Corssen
1698 414 1751 464 II,

246 500 286 537 p.
321 487 372 523 92
406 489 445 523 et
477 485 549 531 93,
588 496 715 533 pauca
753 483 801 519 de
836 482 990 529 multis,
1023 480 1235 530 v.›Amph.
1270 481 1363 519 368.
1396 481 1491 520 413.
1526 482 1620 520 659.
1654 484 1750 522 742.

246 555 357 593 Asin.
391 556 428 592 2.
464 554 556 591 148.
590 552 683 590 801.
718 552 812 588 861.

360 623 408 660 In
436 621 565 659 media
594 632 688 657 voce
719 618 844 655 simile
876 617 1065 666 quiddam
1096 617 1240 654 accidit
1269 617 1311 654 in
1333 627 1492 667 nempe,
1518 618 1624 667 quod
1647 631 1752 669 saepe

246 692 407 730 brevem
451 689 624 740 priorem
669 686 807 733 habet,
853 699 890 724 v.
922 686 1013 724 Aul.
1057 686 1148 723 188.
1201 685 1320 734 Epid.
1362 686 1456 723 441.
1509 685 1613 724 Rud.
1655 688 1750 726 565.

249 760 342 798 567.
376 758 425 796 al.
456 770 493 795 v.
518 755 667 793 Muller
695 768 734 804 p.
761 755 840 792 433
870 767 927 803 sq.
973 753 1106 803 Atque
1137 754 1257 790 etiam
1286 754 1328 790 in
1359 750 1508 801 omnis,
1540 768 1632 792 nam
1661 769 1751 804 syn-

248 839 353 877 copae
380 824 647 874 Spengelianae
673 820 727 872 (p.
755 823 806 859 79
833 819 909 872 sq.)
942 835 1084 871 parum
1108 821 1337 872 probabiles
1363 825 1466 869 sunt,
1491 835 1527 860 v.
1545 822 1635 861 Aul.
1656 825 1749 863 596.

246 895 341 933 Cist.
376 894 440 931 61.
483 893 576 930 356.
618 892 712 930 608.
765 890 852 928 Mil.
888 892 952 928 55.
995 891 1088 928 661.
1142 889 1284 928 Pseud.
1330 890 1422 928 164.
1476 889 1582 929 Poen.
1627 892 1749 931 1058.

244 963 353 1002 Pers,
387 962 481 999 758.
524 960 627 997 Rud.
662 960 727 997 87.
765 960 885 996 1285.
927 958 1036 996 Trin.
1070 959 1136 996 78.
1171 958 1264 996 621.
1305 958 1462 996 Terent.
1493 959 1619 997 Andr.
1654 961 1750 1000 391.

251 1031 345 1068 694.
376 1029 478 1067 Eun.
515 1029 621 1066 1077
666 1025 775 1075 („Ad
813 1026 944 1064 omnia
980 1024 1131 1074 haec“),
1170 1029 1316 1076 praeter
1344 1025 1430 1064 Mil.
1467 1028 1558 1065 184.
1590 1027 1750 1067 Trucul.

247 1099 340 1145 845,
374 1110 460 1147 quae
491 1096 660 1146 synizesi
691 1096 879 1146 explicari
909 1098 1086 1144 possunt.

361 1162 396 1204 S
424 1177 640 1202 consonans
672 1165 800 1202 simile
831 1163 928 1213 quid
958 1176 1078 1212 passa
1108 1165 1179 1210 est,
1213 1163 1323 1200 cuius
1355 1163 1542 1212 quoniam
1573 1164 1751 1213 asperior

245 1234 366 1272 etiam
398 1246 515 1270 sonus
548 1236 652 1279 erat,
684 1246 733 1270 ne
764 1233 804 1269 in
835 1232 1037 1269 collisione
1069 1230 1238 1268 duarum
1269 1231 1434 1279 stridor,
1466 1234 1512 1269 ut
1541 1231 1599 1269 ait
1628 1231 1750 1278 Quin-

243 1303 409 1340 tilianus
431 1300 500 1347 IX,
525 1301 561 1348 4,
589 1302 653 1348 37,
686 1301 814 1337 tristis
847 1302 1038 1346 oreretur,
1071 1302 1117 1337 ut
1145 1299 1187 1336 in
1217 1299 1357 1337 mediis
1387 1299 1589 1337 vocabulis
1627 1300 1750 1337 inter-

245 1370 339 1408 dum
377 1368 589 1418 geminatio
627 1381 707 1405 non
745 1367 1000 1415 audiebatur,
1040 1368 1098 1405 ita
1135 1368 1254 1405 etiam
1285 1368 1326 1404 in
1357 1381 1551 1405 concursu
1582 1367 1749 1405 duorum

243 1438 525 1476 vocabulorum
555 1445 577 1474 8
608 1440 698 1473 ante
737 1436 903 1473 alteram
940 1439 1221 1473 consonantem
1257 1448 1400 1485 parum
1441 1435 1748 1486 exprimebatur.

243 1506 355 1553 Haec,
388 1506 444 1542 ait
460 1504 764 1551 Quintilianus,
799 1517 917 1541 causa
946 1504 1022 1541 fuit
1052 1503 1188 1542 Servio
1229 1504 1509 1542 subtrahendae
1540 1518 1557 1542 s
1588 1504 1747 1552 litterae,

245 1574 426 1623 quotiens
478 1573 619 1610 ult-ima
671 1575 773 1609 esset
820 1572 974 1622 aliaque
1021 1575 1260 1609 consonante
1305 1573 1595 1622 susciperetur,
1643 1571 1749 1622 quod

245 1642 364 1678 etiam
394 1640 607 1678 Messalam
646 1639 868 1677 defendisse
907 1643 1093 1678 testatur.
1155 1639 1333 1678 Ciceroni
1370 1640 1442 1677 hoc
1481 1639 1748 1677 subrusticum

244 1709 474 1755 videbatur,
508 1707 614 1745 Orat.
649 1709 720 1755 48,
758 1709 856 1755 1613
890 1708 958 1745 sed
989 1708 1250 1757 antiquiores,
1284 1708 1433 1757 inquit,
1471 1721 1631 1755 „eorum
1661 1722 1749 1746 ver-

242 1777 401 1823 borum,
435 1790 604 1826 quorum
643 1776 791 1813 eaedem
833 1779 946 1813 erant
983 1779 1195 1826 postremae
1227 1776 1314 1813 duae
1344 1776 1505 1823 litterae,
1539 1789 1626 1826 quae
1657 1779 1751 1813 sunt

244 1846 285 1882 in
317 1849 517 1894 optumus,
549 1848 790 1894 postremam
827 1845 1002 1881 litteram
1041 1843 1322 1890 detrahebant,
1355 1844 1431 1881 nisi
1461 1844 1608 1881 vocalis
1647 1845 1750 1881 inse-

246 1913 454 1962 quebatur.
499 1912 562 1948 Ita
585 1925 663 1948 non
687 1915 772 1948 erat
795 1925 840 1948 ea
865 1911 1028 1949 offensio
1054 1912 1094 1948 in
1117 1911 1307 1958 versibus,
1334 1925 1452 1960 quam
1472 1925 1575 1948 nunc
1592 1912 1750 1959 fugiunt

243 1984 370 2030 poetae
401 1980 511 2027 novi;
549 1980 608 2016 ita
646 1980 748 2016 enim
778 1980 1058 2029 loquebamur:
1104 1980 1196 2028 „qui
1227 1982 1286 2016 est
1317 1973 1489 2016 omnibu'
1520 1978 1746 2029 princeps“,

244 2061 321 2085 non
371 2047 575 2094 „omnibus
620 2045 844 2097 princeps“,
893 2051 932 2084 et
981 2048 1088 2094 „vita
1133 2047 1202 2083 illa
1248 2041 1382 2096 dignu’
1423 2045 1626 2096 locoque“,
1670 2060 1748 2084 non

249 2114 455 2165 „dignus“.
514 2115 701 2164 Magnam
745 2115 886 2152 talium
931 2115 1201 2165 exemplorum
1243 2115 1395 2164 copiam
1433 2114 1553 2151 Ennii
1594 2118 1633 2152 et
1669 2114 1747 2152 Lu-

245 2183 321 2220 cilii
363 2183 586 2231 fragmenta
624 2182 815 2233 praebent.
876 2183 1007 2220 Etiam
1044 2184 1086 2220 in
1122 2183 1250 2219 titulis
1288 2183 1442 2232 antiqui
1479 2182 1670 2232 temporis
1709 2185 1750 2220 et

243 2264 382 2300 parum
414 2252 507 2288 culti
539 2252 728 2288 sermonis
758 2261 780 2288 3
810 2251 926 2288 finale
956 2250 1157 2287 interdum
1189 2251 1401 2297 omittitur,
1427 2250 1506 2288 vid.
1524 2250 1610 2288 Ind.
1628 2250 1745 2299 Corp.

242 2318 363 2357 Inscr.
395 2319 482 2357 Lat.
515 2318 551 2365 I,
584 2332 622 2368 p.
658 2320 758 2366 609,
806 2318 993 2365 Corssen,
1033 2318 1286 2368 Aussprache
1318 2318 1354 2356 d.
1387 2318 1475 2356 Lat.
1507 2318 1544 2365 I,
1577 2330 1615 2367 p.
1652 2319 1745 2356 119.

243 2386 288 2423 In
329 2387 458 2423 verbis
497 2390 625 2423 autem
666 2390 756 2424 ante
795 2397 847 2424 ne.
885 2387 1217 2436 interrogativum
1254 2397 1276 2424 3
1313 2387 1462 2433 omitti,
1502 2389 1548 2423 ut
1590 2385 1745 2432 „iuben‚

242 2453 387 2503 Γοτὲνειῐιιι
425 2454 578 2491 dicatur
602 2467 673 2503 pro
703 2454 899 2501 ‚,iubesne,
926 2452 1130 2503 rogasne“,
1155 2454 1276 2502 vulgo
1299 2458 1437 2491 notum
1461 2456 1533 2491 est.
1579 2452 1625 2490 In
1649 2452 1746 2490 dua-

242 2520 315 2557 bus
341 2521 500 2558 vocibus
525 2521 606 2559 haec
631 2522 846 2559 subtractio
877 2522 1021 2559 litterae
1051 2532 1073 2559 S
1102 2524 1304 2571 propriam
1331 2523 1496 2559 formam
1520 2521 1687 2570 peperit,
1713 2520 1746 2557 si

244 2588 403 2637 quidem
436 2589 587 2638 antiqui
618 2589 754 2626 Latini
791 2603 864 2638 pro
902 2592 1029 2638 magis
1068 2594 1108 2627 et
1146 2591 1254 2640 potis
1285 2590 1403 2627 etiam
1433 2599 1552 2638 maye
1583 2591 1623 2625 et
1647 2588 1746 2637 pote

243 2654 439 2693 dicebant.
500 2656 617 2705 Apud
648 2657 833 2694 Plautum
871 2658 945 2695 hoc
981 2658 1128 2706 legitur
1158 2658 1266 2695 Pers.
1301 2659 1372 2704 31,
1406 2656 1504 2693 illud
1534 2656 1643 2693 Asin.
1678 2656 1742 2693 65.

245 2723 338 2760 391.
372 2723 475 2760 Men.
511 2724 604 2761 370.
637 2724 744 2762 Poen.
779 2726 871 2762 274.
905 2725 1013 2763 Trin.
1050 2727 1168 2763 1052.
1203 2725 1362 2763 Trucul.
1394 2726 1485 2762 179.
1521 2725 1613 2761 651.
1648 2723 1744 2761 874.

243 2789 320 2827 Sed
351 2790 584 2839 plerumque
616 2791 769 2839 plenior
808 2795 846 2828 et
882 2793 1033 2829 usitata
1063 2793 1190 2829 forma
1220 2793 1423 2839 scribitur,
1457 2792 1521 2829 vel
1551 2791 1620 2828 ubi
1650 2802 1742 2838 neg-

242 2857 344 2894 lecta
383 2858 577 2906 positione
617 2862 708 2895 ante
747 2859 911 2896 alteram
951 2863 1229 2897 consonantem
1266 2860 1398 2898 brevis
1435 2862 1566 2897 manet
1601 2859 1744 2896 ultima
