1926 3275
103 301 167 343 III,
185 302 217 343 2,
232 302 367 335 56-74
736 300 968 344 Amphitruo.
1553 302 1604 337 09

714 426 998 467 Alcumena

785 498 882 539 Non
913 512 1017 538 sum.

734 570 789 611 Iu
800 585 827 623 p
838 570 979 624 piter

1036 640 1153 682 Bene
1185 640 1305 681 facis.
1538 638 1605 671 930

159 715 271 756 Nam
301 716 345 755 in
375 714 596 756 hom-inum
627 718 772 755 aetate
803 713 941 755 multa
973 713 1178 754 eueniunt
1208 712 1333 753 huius
1365 711 1499 753 modi:

162 786 351 841 Capiunt
381 787 639 840 uoluptates„
674 787 853 840 capiunt
883 800 1053 827 rursum
1084 785 1296 835 miserias3

160 859 255 899 Irae
286 859 595 909 interueniunt,
628 859 813 899 redeunt
844 872 1014 899 rursum
1046 858 1089 897 in
1121 857 1320 909 gratiam.

159 930 322 972 Uerum
354 931 444 971 irae
477 931 627 983 siquae
659 931 770 972 forte
804 930 1011 971 eueniunt
1042 930 1168 970 huius
1201 929 1317 970 modi

159 1002 281 1043 Inter
313 1016 397 1053 eos³
430 1017 603 1043 rursum
635 1003 669 1042 si
699 1005 929 1043 reuentum
959 1002 1003 1042 in
1035 1001 1278 1054 gratiamst‚
1537 999 1605 1032 935

160 1074 233 1115 Bis
265 1078 387 1115 tanto
420 1074 548 1114 amici
579 1078 678 1114 sunt
707 1074 822 1114 inter
853 1088 896 1114 se
930 1086 1060 1125 quam
1092 1073 1222 1126 prius.

712 1145 996 1186 Alcumena

158 1218 351 1259 Primum
383 1218 547 1258 cauisse
580 1218 775 1271 oportuit
805 1232 858 1258 ne
891 1217 1078 1267 dioeres3

159 1289 319 1331 Uerum
354 1289 506 1330 eadem
536 1291 571 1330 si
601 1290 715 1330 idem
747 1289 852 1330 mihi
884 1302 1056 1342 purgas,
1087 1288 1300 1342 patiunda
1331 1292 1442 1329 sunt.

736 1360 979 1414 Iuppiter

159 1433 264 1475 Iube
296 1447 399 1474 uero
431 1447 537 1474 uasa
568 1447 677 1487 pura
708 1433 913 1473 adornari
943 1432 1060 1483 mihi,

159 1505 220 1547 Ut
250 1519 361 1558 quae
394 1504 510 1558 apud
540 1505 754 1556 legionem
785 1509 890 1545 uota
920 1504 1034 1554 uoui,
1066 1504 1101 1543 si
1133 1503 1305 1544 domum
1536 1503 1604 1535 940

160 1577 382 1618 Redissem
415 1576 573 1627 saluos,
607 1590 657 1617 ea
689 1590 768 1628 ego
801 1576 1023 1616 exsoluam
1056 1576 1211 1616 omnia.

714 1647 1000 1688 Alcumena

161 1720 252 1773 Ego
284 1720 396 1760 istuc
429 1720 602 1761 curabo.

737 1790 981 1844 Iuppiter

611 1863 804 1903 Euooate
836 1862 919 1902 huo
952 1862 1136 1911 Sosi-ann

161 1937 519 1986 Gubernatorem,
552 1935 625 1987 qui
656 1935 699 1974 in
732 1949 826 1974 inea
857 1935 958 1974 naui
989 1932 1081 1983 fuit,

161 2008 479 2061 Blepharonem
510 2012 712 2055 arcessat,
747 2007 819 2058 qui
850 2006 1072 2047 nobiscum
1105 2004 1329 2058 prandeat.

161 2080 202 2120 Is
235 2080 341 2120 adeo
374 2080 604 2133 inpransus
636 2078 944 2128 ludificabitur,
1538 2074 1604 2107 945

163 2152 301 2201 Quom
333 2164 411 2203 ego
443 2151 803 2204 Amphitruonem
836 2149 947 2189 eollo
980 2148 1079 2189 hino
1112 2149 1321 2189 obstricto
1353 2147 1534 2188 traham.

712 2221 1001 2262 Alcumena

161 2294 317 2335 Mirum
349 2294 451 2346 quid
483 2294 598 2334 solus
630 2307 776 2334 secum
809 2296 977 2334 secreto
1010 2292 1082 2332 ille
1115 2296 1228 2345 agat.

160 2366 299 2418 Atque
332 2366 586 2420 aperiuntur
617 2365 767 2416 aedes3
801 2366 887 2406 exit
920 2365 1055 2405 Sosia.

195 2875 261 2907 938
286 2873 402 2907 isdem
