1926 3275
257 310 311 346 24
942 305 1063 338 Plauti
1484 305 1511 347 Ι,
1532 307 1560 347 l,
1575 306 1752 340 230—241

930 430 1081 472 Sosia

643 502 819 544 Utinam
850 503 963 544 istuc
994 503 1127 556 pugni
1157 502 1362 545 fecissent
1394 503 1471 544 tui.

857 574 1156 616 Mercurius

257 649 348 702 Ego
382 663 473 689 sum
506 648 631 690 Sosia
660 646 744 694 ille,
779 661 905 701 quem
937 651 985 688 tu
1017 646 1180 688 dudum
1211 661 1303 688 esse
1336 647 1483 688 aiebas
1515 647 1631 688 mihi.

932 718 1081 760 Sosia

259 794 450 835 Obsecro
482 797 530 833 ut
561 807 638 846 per
668 805 818 845 pacem
850 790 981 832 liceat
1010 795 1053 832 te
1086 791 1276 845 adloqui⁷
1308 796 1356 833 ut
1387 806 1440 833 ne
1472 792 1688 845 uapulem.

860 863 1156 904 Mercurius

260 938 393 978 Immo
426 937 618 978 indutiae
649 949 880 990 parumper
910 935 1026 986 fiant,
1060 936 1095 975 si
1128 935 1228 990 quid
1261 936 1330 977 uis
1362 936 1493 990 loqui.
1692 937 1758 970 385

934 1007 1085 1048 Sosia

259 1082 355 1123 Non
386 1082 541 1134 loquar
571 1080 652 1121 nisi
683 1093 788 1133 pace
820 1079 947 1131 facta,
981 1079 1154 1133 quando
1186 1079 1340 1133 pugnis
1372 1079 1468 1133 plus
1499 1080 1634 1121 uales.

861 1151 1158 1193 Mercurius

260 1225 401 1267 Dicito
436 1226 513 1276 sis3
545 1240 631 1266 non
662 1225 840 1266 nocebo.

935 1295 1088 1337 Sosia

863 1367 979 1409 Tuae
1010 1367 1112 1408 fidei
1144 1368 1304 1410 credo?

862 1440 1160 1481 Mercurius
1318 1492 1320 1495 y

1310 1510 1448 1552 Meae.

937 1582 1088 1624 Sosia

263 1657 387 1707 Quid,
421 1657 457 1697 si
488 1656 642 1698 falles?

863 1727 1161 1768 Mercurius

671 1798 778 1839 Tum
808 1798 1050 1840 Mercurius
1083 1799 1231 1840 Sosiae
1262 1798 1401 1839 iratus
1433 1798 1531 1840 siet!

937 1869 1089 1912 Sosia

263 1943 463 1983 Animum
495 1941 698 1993 aduerte3
730 1956 844 1983 nunc
875 1941 978 1982 licet
1008 1942 1112 1982 mihi
1143 1942 1277 1983 libere
1310 1942 1482 1996 quiduis
1514 1942 1644 1996 loqui.

264 2014 587 2068 Amphitruonis
620 2027 697 2065 ego
731 2028 824 2054 sum
857 2028 1005 2054 seruos
1039 2014 1175 2055 Sosia.

864 2085 1161 2127 Mercurius

1220 2157 1364 2198 Etiam
1395 2157 1566 2198 denuo?
1694 2162 1762 2196 390

937 2229 1087 2270 Sosia

266 2303 421 2342 Pacem
454 2301 547 2351 feci,
580 2300 731 2341 foedus
762 2300 855 2348 feci,
886 2314 993 2341 uera
1024 2300 1133 2340 dico.

866 2372 1160 2412 Mercurius

1167 2443 1349 2496 Uapula.

941 2516 1091 2556 Sosia

267 2588 325 2628 Ut
356 2587 487 2634 lubet,
521 2588 632 2640 quod
666 2588 743 2627 tibi
775 2587 1005 2635 lubetfac,
1040 2587 1239 2641 quoniam
1274 2588 1428 2640 pugnis
1460 2586 1555 2639 plus
1587 2586 1721 2627 uales.

269 2659 427 2700 Uerum
463 2662 560 2698 utut
591 2674 634 2698 es
666 2659 880 2705 facturus,
914 2659 995 2699 hoc
1027 2659 1199 2713 quidem
1232 2659 1375 2699 hercle
1414 2658 1531 2699 haud
1568 2658 1758 2699 reticebo

1218 2736 1376 2772 tamen.

358 2884 423 2916 387
448 2883 570 2917 Dicito
598 2885 624 2916 si
652 2884 739 2926 quid
767 2885 819 2917 uis
913 2886 977 2917 392
1003 2884 1088 2926 quid
