1926 3275
794 321 836 356 v.
864 322 1056 355 220—248.
1599 325 1679 364 373

175 464 271 500 meae
303 452 502 498 serviunt,
537 451 730 490 castrabo.
767 471 816 475 —·
851 452 945 489 236.
979 446 1260 500 Syiayrch27lchJl
1291 449 1424 496 codd,
1459 463 1544 499 quae
1578 450 1684 500 apud

176 519 404 557 Ciceronem
446 522 626 557 constans
664 519 782 556 huius
821 532 904 556 voc.
944 519 1071 556 forma
1107 521 1184 565 est,
1225 518 1410 555 Plautina
1449 518 1570 555 fuisse
1607 532 1684 556 non

175 586 352 634 videtur3
384 600 476 624 nam
506 586 609 624 infra
642 588 721 624 739
750 587 897 635 legitur
926 600 1066 636 „quem
1091 583 1400 635 syngraphum“.
1449 587 1549 623 795:
1589 588 1684 633 „sci-

174 658 259 692 tum
297 653 606 704 syngraphum“.
669 654 779 704 Capt.
813 655 916 691 448:
961 667 1101 703 „quem
1141 652 1462 703 syng1·aphum‘?“
1525 653 1684 691 Etenim

176 736 262 772 quae
289 723 395 773 apud
413 723 571 760 Graecos
597 722 802 759 dicebatur
829 723 848 767 ’ἦ
877 723 1102 772 σύγγραῳος,
1134 721 1276 759 Plauto
1300 723 1508 759 masculini
1531 724 1685 772 generis

176 791 281 828 facta
312 794 383 838 est,
416 795 462 828 ut
488 792 610 839 σχῆμα
637 791 827 837 feminini,
854 804 890 828 v.
908 790 1052 840 Amph.
1082 791 1174 827 117.
1223 789 1352 836 Quare
1369 789 1686 827 Fleckeisenium

176 860 301 896 secuti
332 855 617 909 syngsraphmn
647 859 885 908 scripsimus.
934 857 1092 907 Scripto
1121 871 1210 894 eum
1235 870 1372 895 cavere
1397 857 1516 905 iubet,
1550 859 1686 907 quales

177 940 216 964 se
257 940 340 963 esse
380 927 488 964 velit.
529 947 583 951 —
625 927 719 963 238.
758 923 984 972 „adfercto“
1020 925 1051 962 B
1082 939 1132 963 m.
1165 939 1226 976 pr.
1259 946 1314 951 —
1350 926 1429 962 239
1463 939 1548 976 sqq.
1580 926 1684 974 Haec,

178 995 210 1031 si
242 994 354 1031 codd.
387 995 601 1044 sequimur,
635 994 897 1043 Argyrippus,
930 996 1142 1043 postquam
1170 993 1268 1030 abiit
1293 994 1395 1040 lena,
1422 995 1529 1031 solus
1555 1007 1687 1031 secum

176 1063 365 1112 loquitur.
426 1062 621 1099 Lambino
653 1065 814 1098 auctore
854 1061 942 1098 edd.
977 1061 1075 1098 duos
1114 1062 1270 1111 priores
1307 1075 1442 1099 versus
1479 1062 1578 1098 lenae
1615 1063 1687 1099 tri-

176 1130 368 1176 buerunt,
408 1130 504 1167 mihi
543 1142 621 1166 non
659 1131 788 1166 minus
826 1129 926 1166 bene
967 1129 1210 1166 adulescenti
1247 1131 1455 1166 convenire
1486 1130 1685 1167 videntur.

179 1198 295 1245 Quod
327 1201 458 1235 autem
490 1211 578 1234 cum
608 1198 809 1247 portitore
851 1200 1131 1246 comparantur
1161 1198 1308 1244 ianuae,
1341 1210 1420 1234 non
1451 1198 1561 1244 lena,
1594 1198 1687 1234 talis

179 1266 331 1303 incuria
361 1269 442 1302 tam
474 1265 658 1315 frequens
691 1265 797 1315 apud
828 1267 1013 1315 antiquos
1041 1269 1112 1312 est,
1138 1269 1184 1302 ut
1209 1265 1508 1302 admirationem
1531 1268 1688 1302 moveat

177 1333 314 1371 Bothii
360 1334 525 1371 audacia
582 1332 821 1380 „Portuum“
882 1334 1103 1370 scribentis.
1150 1348 1205 1358 —
1252 1334 1345 1370 242.
1394 1332 1450 1370 Cf.
1493 1334 1585 1371 630.
1632 1353 1689 1357 —-

180 1402 274 1439 243.
308 1399 473 1450 opibus,
508 1402 554 1439 cf.
587 1401 706 1438 Most.
743 1402 843 1439 341:
892 1403 1076 1448 „summis
1115 1401 1257 1451 opibus
1289 1405 1406 1450 atque
1437 1400 1686 1439 industriis²².

178 1469 428 1507 Adiectivum
473 1468 703 1516 „omnibus“
748 1469 855 1519 quod
895 1470 932 1507 h.
965 1470 990 1506 l.
1032 1469 1301 1516 desideratur,
1349 1470 1467 1506 alteri
1512 1469 1687 1506 membro

181 1538 359 1575 additur:
409 1539 540 1585 „omni
581 1535 738 1588 copia“.
772 1558 828 1562 -—
860 1538 953 1575 244.
988 1534 1280 1585 exobsecrabo,
1313 1538 1373 1573 ἁπ.
1407 1540 1497 1586 2322,
1527 1540 1687 1587 gravius

181 1608 241 1642 est
280 1619 394 1656 quam
438 1605 662 1643 obsecrabo.
701 1626 758 1631 —
799 1606 842 1643 m}
880 1616 1096 1655 (luemque,
1140 1606 1186 1643 cf.
1220 1605 1270 1642 ad
1300 1605 1441 1654 Amph.
1479 1606 1600 1643 1064.
1632 1625 1689 1630 -—

182 1675 276 1711 245.
310 1674 465 1712 eertum
497 1674 559 1712 est
587 1670 701 1711 milei.
749 1674 813 1711 Sic
845 1677 883 1710 et
915 1674 1027 1711 codd.
1050 1674 1228 1711 Plautini
1262 1677 1301 1710 61
1325 1673 1478 1710 Nonius
1511 1686 1549 1722 p.
1585 1675 1686 1719 2063

182 1742 251 1779 sed
281 1743 435 1779 numeri
466 1742 640 1780 obstant.
687 1742 805 1779 Both.
836 1746 1008 1790 transp.:
1048 1741 1182 1788 „adire
1215 1745 1365 1778 certum
1397 1742 1449 1778 mi
1482 1745 1541 1778 est
1572 1745 1690 1791 atque

181 1808 394 1860 experi1·i“.
442 1809 705 1847 Fleckeisenii
736 1811 936 1859 ingenium
966 1823 1039 1859 pro
1078 1813 1252 1857 „certum
1279 1808 1360 1846 631ιι
1391 1809 1475 1847 δ’ΐαΐ
1497 1810 1687 1859 reposuit,

180 1882 226 1914 ut
253 1878 352 1927 Nep.
379 1878 500 1915 Attic.
531 1879 602 1925 21,
639 1880 681 1915 6:
728 1878 851 1925 „Nam
882 1878 978 1914 mihi
1010 1881 1088 1914 stat
1122 1878 1225 1914 alere
1256 1877 1438 1914 morbum
1471 1877 1688 1915 (lesinel'e“.

180 1945 261 1982 Nec
292 1947 376 1983 veri
407 1946 535 1983 simile
567 1949 647 1992 est,
679 1946 866 1983 Plautum
899 1959 942 1983 ea
972 1946 1184 1983 verborum
1226 1946 1361 1996 inopia
1392 1945 1612 1992 laborasse,
1644 1949 1690 1982 ut

180 2014 241 2051 bis
279 2014 319 2050 in
359 2013 512 2051 duobus
552 2014 730 2051 versibus
767 2017 943 2060 „certum
976 2012 1056 2050 est“
1093 2018 1276 2064 poneret.
1309 2034 1364 2038 -
1398 2015 1491 2051 246.
1524 2013 1690 2051 mmmm

180 2091 265 2119 von
300 2081 471 2130 potero,
519 2096 570 2120 sc.
618 2096 772 2119 sumere
818 2082 960 2131 viginti
1006 2083 1145 2119 minas.
1214 2082 1387 2119 Auditur
1433 2081 1596 2119 verbum
1643 2095 1690 2118 cx

182 2150 382 2198 sequenti,
424 2150 470 2187 cf.
505 2150 618 2200 Capt.
655 2152 757 2188 301:
811 2150 997 2197 „Memini
1046 2164 1163 2198 quom
1211 2150 1315 2187 dicto
1357 2150 1465 2186 haud
1507 2149 1687 2196 audebat,

182 2218 287 2255 facto
320 2232 424 2256 nunc
454 2219 587 2256 laedat
618 2217 751 2256 licet“.
812 2218 979 2255 Versum
1013 2218 1128 2255 affert
1159 2218 1310 2255 Nonius
1341 2232 1379 2268 p.
1415 2218 1494 2255 439
1527 2217 1589 2255 his
1623 2217 1689 2254 ad-

183 2286 296 2324 ditis:
344 2287 551 2334 „Mutuum
584 2300 605 2323 a
636 2287 770 2324 fenore
801 2287 875 2324 hoc
910 2287 1051 2333 distat,
1086 2287 1189 2336 quod
1222 2290 1401 2323 mutuum
1432 2286 1514 2322 sine
1546 2286 1688 2331 usuris,

182 2355 294 2392 fenus
326 2368 413 2392 cum
444 2356 575 2392 usuris
607 2353 818 2392 sumitur“.

299 2559 393 2596 247.
432 2559 553 2596 Redit
583 2559 782 2607 Libanus,
826 2559 896 2597 sed
936 2559 1111 2597 nondum
1150 2560 1311 2596 inventa
1349 2571 1427 2607 qua
1466 2570 1565 2607 opus
1607 2560 1691 2594 erat

183 2627 357 2674 fallacia,
391 2640 512 2676 quare
543 2628 800 2665 vehementer
831 2641 943 2665 suam
976 2629 1059 2678 ipsc
1092 2627 1313 2664 socordiam
1345 2627 1535 2675 increpat.
1597 2625 1691 2662 Haec

185 2708 340 2745 quoque
379 2708 495 2732 scena
532 2696 746 2734 trochaicis
793 2696 1029 2745 septenariis
1076 2696 1293 2745 composita
1332 2698 1403 2732 cst.
1436 2715 1491 2719 —
1525 2695 1617 2731 248.
1652 2693 1690 2730 Si

183 2764 245 2800 hic
291 2777 426 2801 versus
472 2767 578 2800 recte
624 2764 831 2811 scribitur,
878 2762 1035 2813 finfflsroe
1082 2764 1261 2800 ultimam
1306 2763 1506 2811 producit.
1577 2761 1689 2808 Quod

185 2845 306 2880 quum
335 2844 478 2881 parum
509 2832 593 2868 veri
625 2832 751 2869 simile
783 2833 1006 2879 videretur,
1049 2832 1201 2881 antiqui
1239 2831 1409 2869 editores
1447 2829 1533 2877 „te“
1571 2830 1689 2867 addc-

183 2899 295 2945 bant,
330 2912 416 2948 quae
447 2913 524 2937 vox
555 2900 654 2937 male
687 2900 873 2937 abundat.
935 2899 1011 2937 Sed
1043 2914 1121 2936 non
1154 2900 1432 2945 laborandum,
1466 2901 1497 2935 si
1531 2898 1689 2947 quidem

183 2967 269 3004 iure
301 2967 415 3005 Both.
447 2967 506 3005 Fl.
547 2967 693 3005 Muller
731 2982 887 3005 versum
934 2981 1006 3016 pro
1053 2970 1189 3017 spurio
1226 2969 1445 3013 cieccrunt3
1487 2970 1547 3003 est
1587 2967 1689 3002 enim
