1926 3275
941 283 1062 317 Plauti
1204 318 1216 326 ,
1478 284 1505 326 Ι,
1526 287 1555 328 1,
1571 286 1751 319 209—220

257 296 308 339 22

925 410 952 453 S
965 425 988 453 0
999 410 1076 452 sia

256 494 421 536 Sosiam
450 495 610 534 uocant
640 487 846 537 Thebani,
877 484 999 525 Dauo
1031 485 1291 536 prognatum
1322 486 1459 536 patre.

854 571 899 613 M
909 586 930 612 e
940 585 962 612 r
973 584 994 612 c
1004 585 1032 611 u
1041 570 1124 611 riu
1134 583 1152 610 s

255 653 318 694 Ne
348 656 397 693 tu
426 651 522 692 istic
552 649 680 691 hodie
711 639 826 689 malo
857 648 932 685 tuo
966 642 1199 696 conpositis
1230 641 1467 683 mendaciis

255 724 491 774 Aduefflsti,
525 720 725 764 audaciai
757 717 966 766 columen,
1000 714 1188 756 consutis
1220 714 1340 756 dolis.

927 802 1078 844 Sosia

257 883 391 924 Immo
425 880 624 935 equidem
653 876 809 919 tunicis
841 875 1030 917 consutis
1060 873 1145 915 huc
1177 873 1375 925 aduenio,
1406 888 1494 916 non
1526 874 1647 916 dolis.

855 962 1151 1003 Mercurius

257 1041 312 1082 At
342 1040 533 1082 mentiris
565 1039 715 1088 etiam3
748 1039 864 1077 certo
897 1033 1089 1087 pedibus,
1121 1048 1206 1074 non
1237 1034 1395 1075 tunicis
1426 1034 1559 1075 uenis.
1686 1039 1753 1074 365

928 1120 1076 1161 Sosia

256 1185 323 1227 Ita
353 1182 560 1238 profecto.

855 1250 1153 1291 Mercurius

584 1325 707 1366 Nunc
738 1321 931 1377 profecto
963 1322 1126 1375 uapula
1158 1321 1211 1363 ob
1243 1321 1528 1363 mendacium.

899 1409 1049 1450 Sosia

255 1486 353 1528 Non
385 1484 540 1538 edepol
569 1483 668 1525 uolo
700 1481 909 1536 profecto.

855 1565 1151 1607 Mercurius

948 1637 1006 1678 At
1035 1637 1107 1691 pol
1139 1635 1333 1691 profecto
1365 1637 1576 1691 ingratiis.

255 1712 348 1753 Hoc
380 1711 551 1765 quidem
582 1709 777 1764 profecto
810 1713 1030 1760 certumst,
1061 1724 1147 1751 non
1180 1713 1244 1750 est
1275 1709 1569 1751 arbitrarium.

927 1796 1077 1838 Sosia

254 1855 387 1896 Tuam
418 1854 546 1895 fidem
577 1853 768 1896 obsecro.

854 1925 1149 1967 Mercurius

811 1997 905 2038 Tun
936 2000 978 2038 te
1010 1997 1144 2039 audes
1176 1997 1344 2039 Sosiam
1376 2010 1467 2038 esse
1500 1996 1656 2047 dicere,

256 2069 337 2118 Qui
369 2081 446 2120 ego
477 2070 600 2109 sum?

925 2140 1075 2182 Sosia

609 2212 734 2253 Perii.

853 2285 1148 2327 Mercurius

770 2355 927 2397 Parum
959 2357 1108 2408 etiam,
1148 2360 1302 2411 praeut
1331 2356 1583 2405 futurumst,
1624 2367 1746 2407 prae-

1205 2429 1335 2470 dicas.
1681 2424 1748 2458 370

257 2495 416 2544 Quoius
446 2511 559 2538 nunc
591 2502 661 2538 es?

926 2572 1075 2613 Sosia

688 2641 821 2693 Tuus3
852 2657 950 2684 nam
984 2644 1137 2697 pugnis
1167 2659 1246 2686 usu
1276 2645 1417 2687 fecisti
1446 2648 1581 2686 tuum.

255 2706 336 2748 Pro
370 2708 507 2760 iidem,
540 2710 734 2752 Thebani
765 2714 896 2755 ciues!

346 2862 410 2894 362
436 2863 598 2896 audaciae
692 2867 757 2899 367
784 2867 937 2910 ingratis
1032 2871 1097 2903 372
1121 2870 1184 2903 fidi
