1926 3275
174 290 240 336 111,
254 293 286 336 3,
301 293 437 328 53—64
832 291 1016 327 Asinaria.
1597 297 1645 335 11
1652 297 1675 335 7

174 417 266 471 Ego
299 418 556 473 conplexum
584 418 712 460 huius
743 418 853 460 nihil
878 433 1036 471 moror,
1061 432 1205 460 meum
1227 422 1373 460 autem
1395 418 1505 460 haec
1529 433 1676 473 asper-

1131 494 1281 542 natur3

172 560 360 604 Proinde
391 562 511 604 istud
539 562 674 604 facias
706 563 809 617 ipse,
843 562 961 617 quod
990 561 1201 604 faciamus
1231 563 1357 605 nobis
1392 562 1561 605 suades.

757 634 1090 689 Argyrippus

172 706 264 759 Ego
296 719 402 748 uero
435 710 477 747 et
509 706 684 759 quidem
716 706 872 761 edepol
902 706 1075 758 lubens3
1107 707 1289 759 interea,
1322 707 1357 748 si
1387 707 1575 758 uidetur,

173 778 409 820 Concedite
438 778 565 819 istuc.

804 849 1043 891 Leonida

583 920 680 962 Uin’
713 935 839 974 erum
866 921 1041 963 deludi‘.>

809 993 1042 1035 Libanus

1036 1066 1222 1119 Dignust
1254 1081 1371 1108 sane.

806 1136 1042 1178 Leonida

172 1209 258 1252 Uin
280 1209 439 1251 faciam
461 1212 512 1249 ut
533 1222 600 1249 me
624 1207 897 1250 Philaenium
921 1213 1150 1263 praesente
1176 1210 1258 1252 hoc
1284 1209 1584 1264 amplexetur?
1609 1217 1677 1250 640

806 1281 840 1322 L
850 1281 865 1321 i
874 1281 900 1322 b
912 1295 974 1322 an
985 1296 1012 1322 u
1023 1296 1041 1323 s

171 1338 307 1393 Cupio
337 1337 497 1379 hercle.

803 1409 837 1450 L
849 1423 870 1451 e
883 1423 906 1451 o
916 1410 968 1450 ni
979 1409 1005 1451 d
1016 1423 1042 1451 a

514 1481 704 1536 Sequere
736 1481 831 1522 hac.

758 1554 795 1594 A
803 1568 825 1594 r
834 1568 859 1607 g
867 1569 892 1607 y
902 1553 946 1594 ri
957 1568 984 1606 p
994 1568 1022 1607 p
1032 1568 1060 1594 u
1071 1567 1089 1594 s

855 1625 1027 1678 Ecquid
1059 1629 1125 1667 est
1155 1626 1310 1668 salutis
1320 1627 1340 1668 ‘?
1372 1628 1477 1669 satis
1507 1627 1645 1670 locuti
1656 1629 1674 1669 Ῥ

804 1696 837 1737 L
850 1711 871 1738 e
884 1711 906 1738 o
917 1711 945 1737 n
955 1697 969 1737 i
980 1697 1007 1737 d
1017 1711 1043 1738 a

169 1768 427 1810 Auscultate
460 1773 590 1822 atque
623 1782 803 1822 operam
835 1768 934 1810 date
967 1773 1010 1810 et
1040 1782 1136 1810 mea
1167 1769 1283 1811 dicta
1314 1770 1534 1812 deuorate.

169 1839 360 1881 Primum
392 1841 581 1881 omniun]
613 1854 763 1882 seruos
793 1844 891 1882 tuos
921 1855 1000 1882 nos
1033 1855 1126 1883 esse
1158 1855 1245 1883 non
1274 1856 1481 1896 negamus
1492 1858 1500 1894 3

171 1911 257 1953 Sed
287 1911 368 1953 tibi
399 1912 435 1953 si
465 1912 622 1965 uiginti
652 1912 795 1954 minae
827 1913 998 1965 argenti
1029 1912 1317 1966 proferentur,

171 1983 265 2034 Quo
296 1998 375 2025 nos
405 1983 583 2025 uocabis
613 1984 815 2025 nomine?

756 2055 1086 2110 Argyrippus

830 2127 908 2168 Lib
915 2131 1042 2169 ertos.

801 2199 835 2240 L
847 2213 868 2240 e
881 2213 903 2240 o
915 2199 965 2240 ni
977 2199 1040 2240 da

1062 2271 1158 2312 Non
1191 2275 1400 2325 patronos
1413 2272 1432 2312 ¹?
1605 2277 1672 2311 645

755 2341 1088 2396 Argyrippus

168 2396 219 2437 Id
249 2397 406 2450 potius.

803 2468 1039 2511 Leonida

430 2537 595 2591 Uiginti
627 2540 769 2580 minae
801 2540 871 2581 hic
901 2541 1050 2582 insunt
1080 2543 1124 2583 in
1157 2543 1371 2593 crumina3

166 2609 258 2651 Has
289 2622 367 2662 ego
400 2610 436 2650 si
466 2610 533 2651 uis
565 2610 646 2651 tibi
678 2611 804 2652 dabo.

754 2682 1084 2737 Argyrippus

826 2754 880 2795 Di
912 2760 953 2796 to
987 2757 1227 2797 seruassint
1257 2770 1437 2810 semper,

258 2864 324 2898 639
348 2863 510 2907 Dignum
536 2869 592 2899 est
