1926 3275
291 385 373 428 134,
974 379 1096 414 Plauti
1228 379 1273 423 V,
1287 381 1319 423 2,
1335 380 1480 415 51—-53,
1493 381 1640 415 47—49.
1655 381 1790 415 54—61

867 505 1205 559 Argyrippus

285 577 410 629 Quid,
441 592 573 633 quom
603 576 759 618 adest?

858 648 1212 689 Demaenetus

761 720 934 762 Perisse
967 719 1106 772 cupio.

895 791 1175 832 Parasitus

953 862 1083 903 Amat
1113 862 1243 903 homo
1273 861 1346 902 hic
1376 865 1433 914 te,
1464 865 1515 904 ut
1544 862 1788 916 praedicat.

893 934 1184 975 Artemona

283 1005 347 1048 Ne
377 1004 455 1046 illa
486 1010 657 1047 ecastor
686 1004 911 1047 faenerato
942 1005 1154 1056 funditat3
1185 1018 1287 1045 nam
1318 1004 1353 1045 si
1385 1003 1561 1046 domum
1722 1011 1790 1045 890

281 1076 479 1118 Redierit
508 1077 650 1128 hodie,
682 1076 920 1118 osculando
954 1091 1032 1130 ego
1063 1077 1252 1118 ulciscar
1282 1076 1584 1130 potissumum.

282 1148 366 1189 Ain
396 1148 601 1190 tandem?
633 1148 802 1202 Edepol
832 1162 886 1189 ne
917 1152 966 1189 tu
996 1149 1110 1189 istuc
1143 1161 1242 1189 cum
1271 1147 1386 1189 malo
1416 1160 1574 1200 magno
1605 1150 1680 1189 tuo

282 1219 441 1260 Dixisti
470 1220 515 1260 in
546 1234 626 1261 me.
674 1219 794 1272 Sine3
824 1220 978 1261 uenias
1010 1219 1138 1261 modo
1173 1219 1360 1271 domum‚
1391 1217 1492 1260 faxo
1522 1221 1573 1259 ut
1604 1218 1717 1260 scias

285 1290 397 1340 Quid
427 1291 580 1344 pericli
611 1291 667 1332 sit
698 1291 875 1332 dotatae
906 1291 1033 1331 uxori
1062 1291 1220 1332 uitium
1251 1290 1408 1332 dicere.

868 1362 906 1402 A
914 1376 937 1402 r
945 1376 971 1415 g
980 1377 1006 1416 y
1015 1363 1096 1416 rip
1106 1377 1133 1416 p
1143 1377 1171 1404 u
1180 1376 1200 1404 s

281 1432 393 1486 Iace,
425 1438 563 1487 pater,
595 1433 718 1483 talos,
749 1437 798 1474 ut
837 1448 967 1487 porro
999 1448 1076 1475 nos
1093 1434 1328 1488 iaciamus.

857 1506 895 1546 D
907 1520 928 1547 e
940 1520 982 1546 m
993 1519 1018 1546 a
1029 1519 1051 1547 e
1060 1520 1088 1546 n
1099 1520 1121 1547 e
1130 1510 1149 1547 t
1158 1520 1186 1547 u
1197 1519 1216 1546 s

1337 1576 1552 1618 Maxume.
1719 1582 1786 1616 895

282 1642 360 1700 Te,
401 1647 691 1699 Philaenium,
729 1648 834 1689 mihi
872 1652 1004 1702 atque
1042 1648 1170 1689 uxori
1206 1651 1402 1690 mortem.
1432 1671 1490 1677 —
1519 1647 1615 1689 Hoc
1644 1647 1786 1689 Uene-

1241 1720 1409 1761 riumst.

283 1789 425 1842 Pueri,
456 1790 652 1844 plaudite
684 1795 727 1832 et
756 1790 862 1832 mihi
894 1790 948 1831 ob
979 1790 1143 1831 iactum
1175 1790 1387 1833 cantharo
1418 1789 1607 1832 mulsum
1638 1790 1752 1832 date.

894 1862 961 1903 Ar
970 1866 987 1903 t
997 1876 1019 1903 e
1029 1877 1071 1902 m
1082 1877 1105 1904 o
1115 1877 1144 1903 11
1154 1876 1179 1903 a

286 1917 382 1958 Non
413 1932 524 1972 queo
557 1918 727 1960 durare.

894 1989 1176 2031 Parasitus

763 2059 808 2101 Si
838 2074 926 2101 11011
957 2061 1150 2102 didicisti
1179 2059 1418 2113 fulloniam,

282 2130 379 2172 Non
409 2131 708 2172 mirandumst.
761 2131 811 2173 In
842 2132 990 2173 oculos
1019 2133 1170 2173 inuadi
1199 2146 1314 2174 nunc
1346 2137 1412 2174 est
1443 2136 1678 2186 optumum.

892 2202 1181 2244 Artemona

282 2272 374 2327 Ego
406 2272 479 2327 pol
509 2273 656 2314 uiuam
687 2278 729 2315 et
759 2278 807 2315 tu
837 2274 973 2315 istaec
1004 2274 1132 2315 hodie
1165 2288 1263 2316 cum
1288 2279 1363 2317 tuo
1388 2288 1546 2328 magno
1570 2275 1683 2316 malo
1718 2281 1786 2314 900

282 2343 516 2386 Inuocasti.

891 2417 1170 2459 Parasitus

529 2487 690 2541 Ecquis
722 2488 858 2529 currit
888 2489 1163 2542 pollictorem
1194 2489 1448 2530 arcessere?

866 2560 1200 2614 Argyrippus

284 2613 435 2665 Mater,
469 2614 602 2656 salue.

892 2687 929 2727 A
938 2691 985 2728 rt
995 2701 1017 2728 e
1027 2702 1070 2728 m
1082 2701 1105 2729 o
1115 2702 1144 2728 11
1155 2700 1180 2728 a

612 2756 691 2799 Sat
720 2757 887 2800 salutis.

371 2884 439 2917 890
463 2883 524 2916 ille
601 2884 760 2917 892—94
784 2885 953 2927 leyzmtur
969 2888 1059 2928 post
1084 2886 1168 2919 887.
1249 2886 1317 2919 895
1340 2886 1524 2919 iaceamus
1603 2883 1697 2918 Post
1715 2884 1782 2918 897

281 2943 493 2983 repetuntur
517 2940 697 2974 886—87.
782 2942 849 2975 900
874 2941 948 2975 tuis
972 2941 1052 2975 haec
1135 2942 1199 2976 901
1225 2940 1277 2975 Et
1301 2941 1383 2984 quis
