1926 3275
808 298 850 333 V.
876 300 1065 333 401-427.
1604 305 1684 344 389

191 426 368 464 crudeles
407 440 486 464 non
517 428 557 464 in
587 428 760 465 iumenta
798 428 941 476 solum,
975 429 1044 466 sed
1076 431 1193 466 etiam
1224 431 1265 467 in
1296 443 1427 467 servos
1458 430 1683 479 utebantur,

191 495 238 532 cf.
263 495 354 533 Aul.
381 495 446 533 45.
480 496 546 533 48.
579 495 689 533 Curc.
719 497 809 534 130.
842 497 959 534 Most.
989 499 1052 535 54.
1084 497 1189 535 Men.
1218 499 1310 535 931.
1343 498 1428 536 Mil.
1454 500 1545 536 513.
1577 499 1684 537 Pers.

192 564 284 601 793.
309 563 451 600 Pseud.
475 565 593 602 1236.
618 562 744 612 (Asin.
766 565 841 602 543
869 569 1098 614 corruptum
1123 564 1290 613 censeO.)
1307 586 1364 590 —-
1380 567 1474 604 416.
1497 564 1589 616 Qui,
1607 569 1631 605 i.
1651 581 1682 605 e.

190 645 279 681 quo.
328 631 554 670 Orationem
581 633 778 682 inceptam
803 634 1018 680 continuat,
1046 634 1092 671 cf.
1119 633 1167 671 ad
1183 634 1325 684 Amph.
1348 635 1473 681 11363
1506 635 1685 673 absoluta

190 699 347 737 demum
377 701 596 747 mercatori,
630 703 697 750 qui
729 702 989 738 interlocutus
1014 706 1110 749 erat,
1143 702 1373 751 respondet:
1405 700 1603 742 Abscede.
1630 724 1683 728 —

194 763 427 806 occalluere
457 769 549 805 olim
581 769 842 806 emendatum.
902 769 1119 818 Longolius
1151 775 1329 807 enarrat:
1373 784 1552 818 „sensum
1590 771 1682 808 mali

189 836 449 874 adsuetudine
481 836 682 874 amisere“.
715 858 770 862 —
801 838 895 875 418.
928 848 1050 876 ‘emam
1084 849 1168 876 rem
1198 849 1280 887 me,
1313 839 1368 876 sic
1399 838 1532 886 codd.;
1564 839 1680 877 Both.

188 904 249 942 Fl.
285 919 392 953 „rem
423 919 484 942 me
516 903 673 953 unam“,
706 907 788 943 sine
820 919 947 943 causa.
1008 906 1213 954 Queritur,
1254 906 1360 957 quod
1399 920 1478 944 non
1508 908 1601 944 satis
1632 908 1683 944 sit

189 974 310 1010 semel
332 974 560 1023 praecipere,
587 973 654 1010 sed
677 977 878 1024 praecepta
902 975 1048 1011 centies
1072 975 1286 1025 repetenda
1310 976 1400 1012 sint.
1421 996 1469 1000 —
1489 976 1583 1014 419.
1607 973 1682 1013 im-

180 1051 324 1090 perem
354 1042 431 1078 iam
463 1042 501 1077 in
534 1041 645 1078 codd.
679 1041 940 1080 emendatum.
966 1062 1021 1066 —
1047 1040 1274 1092 oyycnmire
1305 1046 1364 1080 est
1394 1044 1557 1081 latranti
1587 1058 1681 1082 voce

187 1109 405 1146 identidem
437 1109 618 1156 obiicere,
652 1109 698 1147 cf.
726 1109 814 1147 Ter.
840 1109 999 1148 Phorm.
1023 1112 1148 1149 1030:
1186 1111 1341 1158 „Habet
1370 1112 1466 1149 haec
1497 1113 1531 1148 ei
1563 1112 1679 1162 quod,

188 1177 279 1215 dum
315 1179 446 1224 uiuat,
486 1191 609 1226 usque
650 1177 699 1214 ad
737 1191 870 1215 aurem
902 1176 1157 1226 ogganniat“.
1194 1200 1241 1203 —
1276 1180 1368 1217 420.
1402 1179 1613 1217 clamando
1644 1184 1682 1217 et

188 1245 467 1283 stomachando
506 1258 545 1282 se
576 1245 720 1282 lassum
760 1259 843 1283 esse
882 1246 978 1284 dicit
1016 1260 1086 1284 nec
1124 1248 1201 1284 iam
1237 1247 1365 1285 labori
1405 1247 1602 1295 sufficere,
1635 1248 1680 1285 cf.

188 1314 276 1352 Ter.
308 1313 410 1351 Eun.
447 1314 573 1361 1076,
606 1314 723 1351 1110ἆο
755 1314 862 1351 locus
893 1315 1066 1363 legatur,
1107 1318 1151 1352 ut
1188 1316 1228 1352 in
1260 1315 1371 1353 codd.
1406 1319 1480 1363 est,
1522 1329 1600 1353 non
1638 1321 1682 1353 ut

186 1383 443 1432 interpolavit
468 1382 682 1419 Bentleius.
715 1402 770 1407 —
801 1383 894 1420 421.
926 1383 1021 1420 Post
1051 1381 1179 1421 ianua
1210 1384 1338 1421 hiatus
1370 1385 1409 1421 in
1440 1384 1603 1422 diaeresi.
1627 1405 1682 1408 —

189 1453 283 1488 422.
316 1452 409 1488 item
445 1454 536 1500 post
576 1447 719 1496 dedice,
757 1449 845 1487 edd.
885 1464 970 1488 cum
1002 1451 1223 1489 Camerario
1267 1450 1471 1498 „deicie1·“.
1503 1473 1559 1477 —
1590 1463 1681 1491 ανα-

187 1530 360 1557 neorum
397 1519 604 1556 masculini
641 1519 794 1568 generis
825 1518 974 1557 Nonius
1006 1533 1043 1569 p.
1081 1521 1157 1557 192
1202 1520 1317 1557 affert
1355 1534 1400 1557 ex
1438 1520 1474 1557 h.
1508 1520 1532 1557 1.
1566 1524 1605 1557 et
1636 1534 1682 1557 ex

188 1588 306 1626 Stich.
327 1588 420 1625 349.
468 1587 523 1625 Cf.
548 1587 704 1624 Lucret.
730 1587 798 1633 III,
828 1588 927 1625 383:
964 1588 1121 1634 „aranei
1153 1589 1289 1624 tenuia
1318 1586 1422 1635 fila“,
1456 1592 1494 1625 et
1517 1588 1680 1626 Plinius.

188 1676 244 1681 -—
276 1657 370 1694 423.
406 1653 449 1693 in
479 1652 741 1704 splendorem
768 1653 871 1703 (lari,
903 1657 928 1693 i.
955 1670 985 1693 c.
1013 1656 1238 1706 splendidas
1262 1656 1358 1703 fieri,
1385 1657 1430 1694 cf.
1451 1656 1560 1707 Capt.
1581 1658 1680 1693 955:

191 1725 257 1773 „in
287 1724 470 1761 ruborem
501 1728 541 1761 te
574 1721 714 1761 dabo“.
761 1724 901 1761 Pseud.
927 1725 1026 1761 933:
1064 1725 1127 1772 „in
1158 1721 1380 1762 timorem“.
1428 1724 1548 1762 Cicer.
1567 1724 1680 1761 Rosc.

187 1794 275 1831 Am.
298 1794 362 1840 41,
395 1794 492 1830 119:
530 1793 595 1841 „in
627 1793 842 1830 cruciatum
874 1791 1002 1829 dari“.
1036 1813 1090 1817 —
1123 1789 1244 1830 hallis
1275 1794 1405 1830 aeneis
1438 1793 1682 1830 ornabantur

187 1862 304 1899 fores.
350 1861 395 1898 In
420 1861 610 1898 Minervae
641 1861 788 1911 templo
806 1860 1008 1910 Syracusis
1041 1861 1163 1898 valvae
1195 1861 1520 1910 splendidissimae
1552 1861 1682 1898 bullas

188 1943 326 1967 aureas
356 1930 487 1978 magni
518 1929 706 1979 ponderis
738 1929 945 1976 habebant,
983 1943 1018 1966 v.
1052 1929 1129 1967 Cic.
1163 1929 1273 1967 Verr.
1306 1929 1370 1976 IV,
1406 1932 1468 1976 56,
1505 1931 1595 1966 124.
1627 1949 1682 1954 ——

189 1998 283 2036 424.
317 1994 441 2035 Nihil
471 1997 550 2045 est,
582 1997 607 2034 i.
643 2011 675 2034 e.
709 1997 806 2034 nulli
837 1999 924 2034 usui
956 2001 1033 2044 est,
1073 1999 1184 2034 irrita
1223 2001 1312 2035 sunt
1349 1999 1543 2046 imperata
1582 2011 1680 2035 mea.

188 2065 245 2103 Cf.
264 2065 377 2116 Capt.
398 2066 497 2103 342:
536 2065 613 2112 „At
643 2065 744 2102 nihil
776 2069 833 2102 est
864 2066 1041 2113 ignotum
1072 2066 1121 2102 ad
1144 2079 1228 2103 eum
1254 2064 1449 2103 mittere“.
1482 2065 1596 2115 Epid.
1618 2067 1681 2102 96.

188 2133 295 2171 Poen.
330 2135 429 2171 917:
477 2134 553 2180 „At
595 2135 698 2170 enim
735 2133 834 2170 nihil
873 2137 950 2181 est,
989 2135 1084 2181 nisi,
1124 2134 1215 2171 dum
1246 2135 1366 2181 calet,
1408 2134 1478 2171 hoc
1511 2132 1681 2182 agitu1·“.

189 2202 347 2239 Trucul.
367 2203 467 2239 756:
505 2202 623 2249 „nihil
657 2206 716 2240 est
748 2203 875 2249 irasci,
910 2216 1011 2252 quae
1043 2207 1081 2239 te
1108 2215 1184 2239 non
1210 2202 1321 2240 flocci
1345 2200 1476 2239 facit“.
1510 2201 1561 2238 ib.
1589 2202 1681 2238 838.

188 2269 276 2307 Ter.
303 2269 402 2307 Eun.
431 2271 523 2308 638.
561 2271 698 2308 Horat.
725 2270 804 2308 Sat.
830 2271 880 2317 II,
909 2272 943 2317 3,
971 2272 1011 2307 6;
1051 2270 1139 2317 „Nil
1170 2274 1241 2307 est.
1290 2270 1506 2320 Culpantur
1536 2270 1683 2306 frustra

189 2336 368 2375 calami“.
394 2358 450 2363 —
474 2339 568 2376 425.
593 2339 739 2376 Versus
774 2342 991 2388 corruptus.
1035 2339 1149 2376 Both.
1181 2338 1240 2375 Fl.
1278 2338 1392 2385 „dedi
1424 2351 1582 2387 operam
1615 2337 1680 2374 ad-

189 2404 382 2443 siduam“.
444 2406 484 2444 Si
522 2407 653 2444 hiatus
694 2411 760 2444 aut
798 2411 889 2457 post
931 2405 1065 2453 „for0“
1111 2411 1177 2443 aut
1215 2410 1306 2457 post
1348 2404 1553 2455 „operans‘
1588 2405 1681 2441 ferri

188 2475 333 2524 possit,
380 2473 478 2521 „do“
514 2488 586 2525 pro
623 2474 761 2523 „dedi“
808 2475 927 2512 scribi
964 2475 1102 2524 possit.
1135 2496 1188 2499 —
1221 2476 1314 2511 420.
1348 2471 1568 2522 reperiam,
1600 2473 1679 2511 vid.

189 2542 238 2579 ad
261 2542 403 2592 Amph.
430 2544 521 2581 192.
554 2565 609 2568 -
641 2542 712 2593 qui
744 2542 947 2593 quaeritet
977 2544 1192 2594 amentum
1221 2541 1267 2580 *in
1296 2538 1458 2590 faenus,
1492 2543 1515 2578 i.
1549 2555 1581 2578 e.
1615 2541 1680 2591 qui

189 2611 322 2661 cupiat
361 2614 566 2661 argentum
604 2612 739 2649 fenore
780 2615 974 2662 accipere,
1013 2626 1101 2649 nam
1133 2612 1298 2649 dominae
1329 2611 1533 2661 pecuniam
1565 2610 1681 2647 collo-

189 2682 349 2716 caturus
381 2683 450 2717 est.
482 2700 539 2705 —
570 2681 663 2717 427.
696 2681 833 2717 Altera
864 2694 999 2718 versus
1030 2694 1120 2729 pars
1155 2694 1175 2715 a
1206 2679 1553 2729 proceleusmatico
1586 2678 1680 2715 inci-

189 2761 283 2797 pere
320 2747 478 2785 videtur
518 2747 624 2795 (erus
663 2751 702 2786 in
741 2747 822 2796 ha).
883 2748 961 2786 Sed
997 2752 1193 2798 prseterea
1231 2747 1380 2796 syllaba
1423 2747 1579 2794 longior
1624 2748 1682 2782 est

189 2829 345 2862 versus3
376 2815 490 2854 Both.
529 2816 674 2864 „aede“
710 2817 928 2863 scribebat,
961 2830 1031 2854 nos
1063 2812 1180 2853 habet
1209 2828 1280 2865 pro
1312 2810 1490 2863 habitat,
1524 2814 1571 2850 de
1604 2826 1679 2863 quo

188 2884 267 2921 vid.
301 2883 350 2921 ad
380 2884 482 2928 Aul„
506 2887 540 2922 5.
605 2883 648 2923 ln
680 2888 768 2922 ante
805 2883 1015 2931 ‚,ae(libus‘²
1057 2884 1216 2922 auditur
1247 2898 1291 2921 ex
1323 2885 1454 2932 priore
1494 2882 1678 2928 membro,
