1926 3275
789 321 1067 366 Prolegomena.
1602 326 1683 365 14¹7

289 451 504 501 Postquam
535 454 595 489 est
624 454 792 488 mortem
823 455 938 501 aptus
969 451 1145 498 Plautus,
1179 451 1370 489 comoedia
1400 451 1521 501 luget,

289 519 414 557 Scena
444 522 504 557 est
534 519 708 567 deserta3
741 519 831 557 dein
861 520 991 566 Risus,
1023 519 1161 556 Ludus
1192 519 1390 569 Iocusque

287 586 341 625 Et
370 589 523 625 numeri
552 588 751 625 innumeri
781 588 898 625 simul
928 601 1062 625 omnes
1094 587 1438 625 conlacrimarunt.

174 654 270 701 Quis
299 669 379 692 non
408 655 578 693 miretur
594 655 766 693 Gellium
796 654 842 703 (I,
870 657 935 703 24,
963 653 1019 703 3),
1053 656 1121 705 qui
1144 655 1220 693 hoc
1244 657 1485 705 epigramma
1515 655 1563 693 ab
1593 657 1680 706 ipso

171 723 315 761 Plauto
361 724 588 762 abiudicare
632 737 711 761 non
756 722 928 761 audeat?
987 723 1113 761 Immo
1167 737 1324 771 eorum,
1379 724 1448 773 qui
1499 725 1680 773 proxime

172 793 298 830 secuti
328 795 441 839 sunt,
473 792 548 830 hoc
578 792 770 829 iudicium
801 792 888 829 fuit.
951 791 1067 838 Quod
1098 793 1275 842 quamvis
1306 792 1464 830 Horatii
1495 805 1679 841 asperne-

170 862 238 897 tur
274 860 489 909 elegantia,
529 863 663 897 tamen
700 859 807 896 idem
843 862 963 909 poeta
999 872 1169 909 proavos
1208 863 1383 897 testatur
1423 863 1462 897 et
1501 860 1604 897 sales
1642 863 1681 897 et

170 941 355 965 numeros
381 928 589 965 Plautinos
620 927 802 965 laudasse
837 925 926 977 (Ep.
955 929 996 965 in
1021 928 1101 966 Pis.
1130 925 1228 971 270)
1263 930 1302 965 et
1332 928 1528 965 fervorem
1559 929 1680 965 animi

169 996 441 1046 impetumque
479 996 610 1032 omnia
648 1008 779 1032 secum
815 995 1026 1042 ferentem,
1068 1009 1145 1045 quo
1183 995 1465 1045 Epicharmum
1503 996 1680 1033 aemulari

169 1063 374 1101 videretur
420 1061 567 1112 (Epist.
600 1062 657 1109 II,
703 1064 743 1110 l,
779 1060 864 1110 58).
939 1063 1080 1114 Itaque
1125 1077 1246 1113 quum
1293 1067 1461 1101 exeunte
1506 1064 1678 1101 secundo

169 1144 204 1169 a.
237 1131 328 1169 Chr.
360 1146 398 1169 11.
431 1131 573 1169 saeculo
604 1131 772 1168 Romani
811 1132 1004 1169 curiosius
1041 1132 1189 1169 litteris
1227 1145 1386 1181 operam
1418 1132 1511 1169 dare
1544 1132 1678 1181 coepis-

168 1202 258 1238 sent
301 1202 340 1237 et
385 1200 615 1249 antiquiora
654 1212 734 1236 non
773 1198 909 1236 Graeca
948 1200 1092 1247 solum,
1134 1200 1204 1237 sed
1250 1200 1368 1237 etiam
1413 1213 1484 1236 sua
1529 1199 1679 1248 scripta

169 1281 405 1318 cognoscere
444 1268 663 1316 cupissent,
708 1266 881 1303 litterati
926 1267 1104 1305 homines
1140 1267 1273 1305 Plauti
1319 1281 1477 1318 quoque
1522 1267 1677 1305 fabulas

168 1335 447 1374 describendas
479 1338 517 1372 et
549 1334 722 1372 edendas
748 1338 950 1372 curarunt.
994 1335 1047 1372 Hi
1071 1336 1166 1385 quin
1188 1336 1484 1385 religiosissime
1510 1336 1674 1384 egerint,

166 1417 246 1441 non
277 1406 337 1441 est
368 1402 475 1453 quod
505 1402 751 1449 dubitemus,
785 1402 856 1439 sed
886 1403 935 1440 ab
966 1403 1248 1450 histrionibus,
1292 1416 1389 1453 quos
1421 1416 1542 1452 supra
1572 1417 1674 1441 com-

166 1472 491 1518 memoravimus,
524 1484 605 1508 non
637 1470 685 1507 ab
715 1471 802 1519 ipso
834 1470 977 1508 Plauto
1008 1471 1163 1508 fabulas
1197 1470 1464 1520 accipiebant,
1498 1484 1569 1508 nec
1599 1471 1675 1520 ipsi

164 1543 248 1577 tam
289 1540 421 1587 sagaci
458 1538 608 1576 iudicio
648 1541 779 1585 erant,
825 1542 871 1575 ut
913 1540 1085 1588 genuina
1129 1539 1178 1576 ab
1224 1539 1423 1576 additiciis
1467 1552 1675 1576 secernere

164 1610 347 1657 possent,
387 1606 608 1655 praesertim
647 1619 768 1655 quum
806 1619 909 1655 saepe
948 1607 1144 1644 artissime
1188 1608 1321 1644 iuncta
1366 1610 1406 1643 et
1445 1607 1675 1644 intermixta

167 1678 311 1715 essent.
350 1674 457 1712 Illud
480 1687 594 1711 suum
619 1687 703 1710 esse
727 1674 932 1722 putabant,
957 1677 1003 1711 ut
1026 1675 1157 1711 omnia
1181 1675 1422 1724 colligerent,
1447 1674 1673 1724 iudicioque

166 1741 209 1778 id
238 1743 407 1779 maxime
438 1742 621 1778 relictum
653 1755 749 1790 esse,
782 1745 827 1778 ut
859 1755 944 1792 quae
971 1742 1105 1779 Plauti
1129 1742 1272 1779 fabulae
1305 1745 1445 1789 essent,
1478 1755 1564 1791 quae
1595 1755 1673 1778 non

166 1812 318 1856 essent,
367 1809 636 1846 decernerent.
706 1809 807 1846 Nam
853 1823 973 1860 quum
1019 1810 1176 1847 circiter
1221 1812 1377 1847 centum
1424 1812 1464 1846 et
1507 1809 1673 1859 triginta

164 1877 309 1915 fabulae
342 1877 414 1914 sub
445 1877 580 1914 Plauti
609 1877 767 1913 nomine
798 1877 1016 1924 ferrentur,
1058 1890 1123 1915 eas
1162 1891 1242 1915 non
1280 1891 1415 1914 omnes
1448 1877 1556 1914 illius
1588 1890 1672 1914 esse

164 1945 281 1982 facile
311 1945 629 1982 animadversum
660 1947 731 1981 est.
792 1945 951 1982 Erroris
993 1959 1150 1983 causam
1180 1945 1235 1982 M.
1267 1946 1395 1983 Varro
1435 1945 1528 1982 inde
1558 1958 1671 1994 repe-

163 2012 296 2060 tebat,
334 2013 466 2063 „quod
495 2012 676 2049 Plautius
714 2013 874 2062 quidam
912 2013 1052 2050 fuisset
1080 2016 1200 2062 poeta
1231 2013 1528 2060 comoediarum3
1560 2014 1670 2050 cuius

164 2081 350 2130 quoniam
394 2080 539 2118 fabulae
583 2080 715 2117 Plauti
759 2082 960 2130 inscriptae
1006 2081 1156 2128 forent,
1204 2085 1385 2131 acceptas
1430 2094 1513 2118 esse
1559 2082 1671 2130 quasi

162 2147 388 2196 Plautinas,
428 2162 549 2198 quum
587 2152 718 2186 essent
754 2161 833 2185 non
872 2162 894 2186 a
924 2149 1067 2186 Plauto
1099 2149 1312 2196 Plautinae,
1353 2149 1424 2186 sed
1463 2162 1485 2185 a
1514 2148 1670 2185 Plautio

162 2214 405 2253 Plautianae“
444 2214 562 2264 (Gell.
587 2215 656 2263 III,
686 2217 721 2263 3,
752 2213 843 2263 10);
876 2216 983 2266 quod
1012 2229 1091 2253 non
1121 2216 1353 2254 incredibile
1385 2219 1456 2263 est,
1490 2217 1522 2252 si
1553 2216 1669 2253 modo

162 2282 241 2320 fuit
285 2284 429 2333 aliquis
474 2286 593 2332 poeta
629 2283 810 2320 Plautius
855 2285 1026 2321 nomine.
1090 2284 1203 2330 Quod
1248 2288 1379 2321 autem
1424 2284 1501 2332 ipsi
1542 2283 1670 2321 Gellio

168 2364 273 2397 „non
319 2350 481 2387 dubium
525 2349 704 2397 videtur,
752 2351 849 2399 quin
887 2352 992 2398 istae,
1034 2364 1121 2400 quae
1159 2353 1315 2400 scriptae
1355 2365 1377 2388 a
1406 2351 1550 2388 Plauto
1589 2364 1669 2388 non

162 2417 349 2455 videntur
389 2421 428 2455 et
465 2419 615 2455 nomini
654 2418 737 2454 eius
776 2418 1033 2465 addicuntur,
1066 2422 1244 2456 veterum
1276 2422 1482 2468 poetarum
1521 2419 1670 2455 fuerint

163 2488 203 2522 et
240 2485 289 2522 ab
335 2499 381 2523 eo
426 2488 651 2522 retractatae
697 2488 737 2521 et
782 2485 964 2534 expolitae
1010 2487 1090 2523 sint
1135 2500 1179 2524 ac
1223 2490 1433 2536 propterca
1477 2486 1669 2534 resipiant

162 2552 297 2590 stilum
327 2550 601 2599 Plautinum“,
641 2552 681 2588 id
721 2553 878 2590 omnino
911 2553 1196 2600 abiiciendum3
1228 2554 1394 2590 Plautus
1425 2554 1528 2590 enim
1560 2552 1667 2590 Grae-

163 2633 298 2658 corum
329 2620 504 2668 fabulas,
536 2633 616 2657 non
647 2619 879 2658 Latinorum
919 2621 1173 2670 antiquorum
1211 2622 1249 2657 in
1287 2634 1400 2658 suum
1431 2634 1544 2658 usum
1576 2634 1666 2658 con-

162 2687 365 2734 vertebat,
399 2689 562 2737 stilique
593 2688 811 2725 similitudo
842 2688 929 2725 fieri
959 2691 1093 2737 potest
1121 2692 1166 2725 ut
1198 2689 1373 2726 eiusdem
1404 2690 1556 2735 aetatis,
1588 2701 1666 2725 non

161 2755 302 2805 utique
334 2755 510 2792 eiusdem
541 2759 668 2804 poetae
707 2755 894 2793 indicium
934 2757 998 2793 sit.
1059 2757 1254 2793 Incertam
1294 2770 1376 2793 rem
1414 2757 1553 2802 fuisse,
1587 2769 1665 2792 non

162 2824 224 2859 est
253 2822 406 2869 mirum,
441 2836 557 2872 quam
590 2823 638 2859 ab
670 2823 784 2860 initio
816 2837 930 2860 nemo
964 2823 1175 2860 admodum
1208 2827 1394 2870 curasset,
1427 2824 1664 2873 posteriores

162 2892 292 2927 autem
322 2890 556 2927 histrionum
588 2891 669 2927 fere
700 2892 937 2928 auctoritate
967 2892 1093 2928 nisam
1125 2892 1379 2941 accepissent.
1440 2891 1665 2928 Histriones

1328 2964 1390 2998 10*
