1926 3275
742 299 1021 343 Prolegomena.
1552 298 1631 335 217

840 480 928 532 ΙΧ.

740 596 808 644 De
857 595 1026 643 hiatu.

247 772 361 818 Quod
390 785 517 822 nuper
549 770 935 808 commemoravimus
966 770 1071 806 intra
1103 767 1276 805 eiusdem
1307 766 1417 803 verbi
1444 765 1633 803 ambitum

134 839 490 878 contrahendarum
529 839 723 875 vocalium
759 839 1029 887 contiguarum
1075 836 1269 881 studium,
1310 834 1351 871 id
1390 848 1469 871 non
1506 835 1634 870 minus

133 908 202 946 sed
245 908 368 957 magis
415 909 532 944 etiam
578 907 819 957 perspicitur
858 906 899 942 in
937 905 1151 942 verborum
1190 916 1394 941 concursu.
1455 902 1555 939 Nam
1593 902 1634 937 in

132 976 261 1013 medio
292 975 482 1013 vocabulo
514 988 617 1024 saepe
648 979 817 1023 utraque
850 974 995 1010 vocalis
1027 973 1089 1009 vel
1120 972 1301 1020 coniungi
1330 971 1393 1006 vel
1420 971 1634 1020 separatim

132 1045 383 1095 pronuntiari
413 1047 544 1093 potest
579 1041 631 1092 (p.
653 1044 732 1080 212
759 1040 850 1092 sqj),
888 1038 1156 1088 „mehercule“
1193 1041 1324 1085 etiam,
1363 1036 1632 1085 „circumi1·e“,

138 1111 348 1160 „introire“
370 1113 543 1161 legitime
562 1111 747 1148 dicuntur
765 1108 817 1157 (v.
837 1110 1009 1159 Spengel
1026 1124 1063 1160 p.
1084 1106 1182 1155 216)
1198 1123 1205 1154 3
1224 1107 1292 1144 sed
1310 1106 1634 1146 concurrentibus

134 1181 286 1218 duabus
302 1180 475 1226 vocibus,
490 1193 657 1229 quarum
675 1179 799 1216 altera
818 1180 857 1215 in
873 1178 1049 1215 vocalem
1066 1178 1202 1223 exiret,
1217 1177 1342 1214 altera
1360 1190 1380 1213 a
1396 1175 1524 1213 vocali
1540 1176 1634 1211 inci-

133 1253 255 1300 peret,
288 1249 453 1286 Latinus
484 1261 611 1285 sermo
644 1248 782 1284 salt-em
814 1247 1031 1296 elegantius
1064 1245 1321 1295 loquentibus
1353 1258 1438 1282 eam
1462 1257 1633 1293 pronun-

132 1317 261 1355 tiandi
291 1318 483 1354 rationem
514 1315 778 1365 improbabat,
813 1328 897 1364 quae
928 1318 1136 1363 utramque
1167 1313 1343 1351 vocalem
1369 1325 1477 1361 aeque
1505 1311 1634 1360 expri-

132 1389 270 1424 meret.
337 1383 468 1431 7,Ηο0“
511 1385 642 1433 inquit
673 1383 807 1421 Cicero
841 1383 949 1420 Orat.
985 1383 1057 1428 44,
1095 1383 1172 1419 150
1209 1381 1378 1427 „Latina
1411 1380 1547 1429 lingua
1579 1380 1635 1416 sic

134 1455 330 1500 observat⁷
363 1466 474 1490 nemo
501 1457 545 1490 ut
568 1456 649 1489 tam
674 1453 845 1489 rusticus
872 1452 935 1497 sit,
963 1452 1029 1500 qui
1054 1450 1210 1488 vocales
1233 1449 1333 1486 nolit
1356 1444 1633 1495 coniungere“.

134 1523 282 1560 Graecis
314 1521 356 1558 id
386 1521 541 1558 licuisse
574 1520 873 1566 animadvertit,
911 1517 1073 1565 „nobis“
1110 1519 1237 1567 inquit
1274 1530 1346 1563 „ne
1373 1517 1405 1552 si
1431 1516 1634 1564 cupiamus

134 1590 312 1640 quidem,
360 1589 581 1626 distrahere
627 1601 741 1625 voces
789 1588 1030 1626 conceditur.
1092 1587 1272 1624 Indicant
1318 1585 1517 1623 orationes
1556 1583 1635 1619 illae

135 1659 229 1708 ipsae
262 1657 472 1694 horridulae
506 1656 686 1693 Catonis.
720 1656 895 1694 indicant
934 1669 1066 1693 omnes
1097 1658 1222 1704 poetae
1255 1657 1399 1703 praeter
1437 1665 1522 1697 eOS,
1557 1651 1634 1700 qui,

135 1730 180 1763 ut
204 1739 358 1763 versum
383 1725 568 1769 facerent,
595 1738 698 1774 saepe
731 1724 904 1769 hiabant,
938 1727 982 1760 ut
997 1723 1173 1759 Naevius:
1208 1722 1310 1767 ,Nos
1336 1722 1402 1770 qui
1430 1715 1433 1769 1
1462 1719 1636 1756 accolitis

135 1794 316 1832 Histrum
348 1794 507 1831 fluvium
549 1797 667 1842 atque
708 1790 901 1841 algiclani“
947 1795 985 1828 et
1023 1790 1190 1827 ibidem:
1237 1789 1384 1835 „Quam
1422 1799 1636 1836 numquam

135 1863 246 1899 vobis
263 1861 357 1899 Grai
391 1856 394 1912 Ι
429 1865 546 1910 atque
577 1859 779 1897 ba1·bari“.
827 1860 879 1896 At
898 1859 1049 1896 Ennius
1082 1858 1221 1895 semel:
1260 1857 1414 1906 ⁷‚Scipio
1447 1853 1633 1900 invicte“,

137 1933 176 1967 et
207 1929 365 1979 quidem
395 1943 484 1967 nos:
523 1929 630 1975 „Hoc
653 1933 765 1966 motu
788 1928 982 1965 radiantis
1008 1927 1137 1964 etesiae
1162 1927 1202 1962 in
1226 1925 1327 1961 vada
1350 1922 1504 1974 ponti“.
1552 1923 1636 1959 Hoc

136 1997 241 2034 idem
285 1999 411 2034 nostri
457 1999 599 2047 saepius
645 2011 723 2034 non
767 1994 993 2033 tulissent“.
1062 1994 1121 2031 Ne
1163 1993 1430 2040 Quintilianus
1477 1990 1635 2040 quidem

140 2064 225 2113 (IX,
253 2066 289 2111 4,
319 2066 367 2103 33
402 2063 506 2115 sqq.)
541 2066 685 2115 probat
723 2065 941 2111 „vocalium
973 2076 1214 2107 concursum,
1249 2061 1353 2110 quod
1385 2073 1504 2109 quum
1538 2059 1635 2095 acci-

139 2133 215 2179 dit,
248 2133 333 2170 hiat
365 2137 403 2170 et
434 2134 645 2170 intersistit
684 2137 722 2169 et
761 2133 872 2182 quasi
902 2132 1061 2168 laborat
1093 2128 1263 2168 oratio“.
1331 2128 1443 2176 „Non
1474 2124 1630 2164 tamen“

138 2202 267 2251 inquit
308 2205 510 2238 oratorum
550 2202 736 2250 magister
780 2201 843 2247 „id
874 2204 918 2237 ut
950 2201 1096 2237 crimen
1127 2200 1265 2246 ingens
1297 2195 1637 2246 expavescendum

139 2273 216 2315 est,
249 2283 290 2305 ac
322 2271 453 2305 nescio
487 2270 739 2316 neglegentia
771 2269 810 2305 in
841 2269 915 2305 hoc
949 2281 997 2304 an
1029 2266 1255 2303 sollicitudo
1287 2266 1339 2302 sit
1369 2265 1481 2314 peior
1514 2292 1633 2299 .....

138 2337 239 2374 Nam
271 2341 309 2373 et
341 2341 525 2374 coeuntes
550 2338 703 2382 litterae,
730 2349 815 2385 quae
843 2336 1057 2381 συναλοιᾳαὶ
1082 2334 1276 2379 dicuntur,
1304 2335 1423 2370 etiam
1447 2332 1636 2368 leniorem

138 2406 287 2443 faciunt
321 2405 556 2450 orationem,
591 2418 706 2453 quam
739 2405 771 2440 si
803 2404 933 2440 omnia
964 2402 1083 2439 verba
1114 2415 1184 2439 suo
1215 2400 1291 2438 fine
1333 2400 1564 2443 eludantur,
1599 2401 1635 2435 et

139 2487 218 2511 non
236 2486 447 2521 numquam
471 2473 603 2509 hiulca
627 2474 746 2508 etiam
775 2471 913 2508 decent
939 2470 1167 2518 faciuntque
1194 2469 1387 2518 ampliora
1414 2465 1634 2517 quaedam“.

139 2541 215 2579 Sed
248 2555 325 2590 quo
359 2541 580 2589 elegantior
611 2544 670 2575 est
700 2553 844 2585 sermo,
879 2552 923 2575 eo
955 2539 1082 2575 minus
1120 2538 1272 2574 hiatum
1303 2538 1466 2585 patitur.
1529 2534 1636 2570 Arti-

139 2608 274 2646 ficiosa
315 2610 441 2646 oratio
482 2609 654 2644 severior
693 2611 752 2643 cst
791 2608 830 2643 in
868 2607 941 2643 hac
981 2620 1023 2642 re
1064 2619 1181 2654 quam
1227 2605 1401 2653 vulgaris
1447 2601 1635 2651 loquendi

140 2678 261 2722 rati03
308 2678 436 2725 poesis
482 2676 631 2712 hiatum
678 2675 842 2711 maxime
891 2678 1138 2723 aspernatur.
1210 2673 1260 2709 Et
1309 2671 1413 2720 apud
1452 2671 1633 2707 Plautum

141 2745 300 2794 quidem
339 2758 459 2793 quum
498 2757 574 2781 non
613 2744 728 2792 pauci
768 2743 899 2779 hiatus
931 2742 1199 2787 inveniantur,
1233 2741 1272 2777 in
1303 2739 1529 2790 prologis
1560 2738 1635 2773 fre-

141 2813 369 2862 quentiores
408 2815 498 2849 sunt
537 2824 653 2860 quam
688 2813 727 2847 in
759 2812 855 2860 ipsis
888 2810 1044 2847 fabulis.
1107 2809 1219 2855 Quod
1252 2809 1284 2845 si
1316 2809 1416 2857 quis,
1451 2808 1634 2855 quoniam

141 2880 294 2929 prologi
325 2880 504 2929 plerique
535 2879 635 2915 alius
673 2883 800 2928 poetae
842 2882 881 2914 et
919 2878 1077 2915 serioris
1110 2877 1237 2914 aetatis
1269 2879 1380 2920 sunt,
1413 2874 1503 2914 inde
1535 2873 1633 2910 effici
