1926 3275
815 303 1050 348 Amphitruo.
1662 306 1685 344 7

181 427 416 470 Comoedia
447 433 494 470 ut
524 429 580 470 sit
611 429 810 471 omnibus
840 429 979 470 isdem
1010 427 1222 470 uersibus.
1644 427 1687 461 55

182 499 339 541 Utrum
370 501 427 542 sit
457 514 514 542 an
544 515 631 543 non
661 501 822 543 uoltis?
855 501 940 543 Sed
971 515 1049 555 ego
1082 501 1269 552 stultior,

182 571 314 622 Quasi
344 573 537 614 nesciam
566 587 646 615 uos
676 573 804 625 uelle,
837 574 911 627 qui
943 573 1067 614 diuos
1099 574 1224 624 siem,

181 643 325 686 Teneo
358 644 462 698 quid
493 645 628 686 animi
658 645 796 687 uostri
828 659 958 699 super
988 644 1072 686 hac
1102 659 1149 686 re
1182 645 1275 687 siet.

180 715 358 757 Faciam
388 720 437 758 ut
468 718 689 759 conmixta
719 717 776 759 sit
806 717 1221 770 tragicocomoedia3

181 787 292 829 Nam
322 802 389 830 me
421 793 632 842 perpetuo
664 789 809 831 facere
841 793 889 831 ut
921 789 977 830 sit
1008 788 1245 839 comoedia,
1644 790 1688 823 60

181 859 320 913 Reges
351 873 436 912 quo
467 861 647 902 ueniant
678 865 721 902 et
753 861 808 912 di,
841 875 929 902 non
959 874 1042 914 par
1072 860 1273 901 arbitror.

182 930 295 981 Quid
324 931 488 985 igitur?
520 933 726 986 quoniam
755 932 826 974 hic
858 946 1008 974 seruos
1041 945 1212 985 quoque
1244 932 1380 985 partis
1412 931 1556 983 habet,

181 1002 358 1044 Faciam
389 1003 456 1054 sit,
487 1004 670 1058 proinde
701 1008 751 1046 ut
782 1004 881 1056 dixi,
912 1004 1324 1056 tragicocomoedia.

181 1075 306 1116 Nunc
337 1074 420 1116 hoc
451 1090 518 1117 me
551 1090 676 1118 orare
710 1090 735 1118 a
766 1076 889 1118 uobis
919 1076 1045 1117 iussit
1074 1076 1281 1129 Iuppiter,

182 1145 240 1187 Ut
272 1147 571 1200 conquistores
604 1147 774 1201 singula
804 1148 848 1188 in
880 1147 1087 1189 subsellia
1644 1148 1688 1181 65

182 1218 296 1259 Eant
326 1233 404 1272 per
434 1223 571 1261 totam
604 1233 785 1262 caueam
816 1219 1158 1274 spectatoribus:

183 1289 229 1331 Si
260 1291 363 1344 quoi
392 1289 602 1333 fauitores
635 1292 860 1346 delegatos
892 1290 1095 1341 uiderint,

182 1361 241 1403 Ut
271 1362 324 1403 iis
355 1363 398 1403 in
431 1376 566 1405 cauea
596 1364 751 1417 pignus
785 1360 1014 1413 capiantur
1043 1364 1184 1414 togae.

183 1433 267 1484 Qui
297 1434 524 1476 ambissint
555 1435 747 1488 palmam
778 1434 841 1476 hic
870 1434 962 1475 siue
992 1434 1276 1475 histrionibus

184 1504 285 1546 Siue
317 1507 551 1560 quoiquam
583 1506 753 1558 artifici,
788 1521 863 1548 seu
894 1520 972 1559 per
1005 1506 1191 1559 scriptas
1222 1505 1392 1546 litteras
1610 1561 1612 1563 Ι
1645 1505 1688 1537 70

185 1576 284 1619 Siue
316 1578 401 1632 ipsi
432 1578 658 1619 ambissint
689 1592 765 1620 seu
797 1592 874 1632 per
904 1577 1231 1627 internuntium,

187 1649 287 1691 Siue
319 1649 426 1691 adeo
459 1649 484 1701 †
517 1649 726 1691 aedibiles
757 1649 989 1703 perfidiose
1021 1648 1122 1701 quoi
1154 1647 1288 1699 duint,

188 1721 403 1774 Sirempse
435 1721 576 1774 legem
607 1721 732 1762 iussit
764 1734 857 1762 esse
890 1719 1098 1772 Iuppiter,

189 1793 321 1843 Quasi
354 1793 659 1845 magistratum
690 1792 772 1833 sibi
804 1791 988 1832 alteriue
1021 1790 1295 1831 ainbiuerint.

188 1864 362 1907 Uirtute
395 1865 504 1905 dixit
534 1878 614 1905 uos
646 1863 835 1905 uictores
867 1863 1027 1912 uiuere,

187 1936 283 1977 Non
316 1935 552 1976 ambitione
584 1948 724 1988 neque
756 1933 960 1988 perfidia3
994 1934 1067 1988 qui
1099 1934 1238 1974 minus

189 2006 353 2048 Eadem
383 2005 582 2047 histrioni
615 2007 671 2048 sit
700 2007 770 2048 lex
802 2019 912 2060 quae
945 2020 1111 2046 summo
1144 2005 1268 2045 uiro?

189 2078 364 2120 Uirtute
397 2078 561 2119 ambire
595 2082 780 2132 oportet,
814 2092 900 2118 non
931 2076 1206 2118 fauitoribus.

191 2148 269 2191 Sat
299 2149 434 2191 habet
464 2149 697 2191 fauitorum
729 2164 900 2203 semper
932 2149 1005 2201 qui
1036 2152 1154 2189 recte
1186 2147 1304 2190 facit.

191 2220 234 2263 Si
265 2220 352 2262 illis
383 2220 489 2262 fides
521 2226 599 2272 cst,
632 2221 788 2274 quibus
820 2226 885 2262 est
917 2234 967 2262 ea
999 2234 1067 2261 res
1100 2220 1143 2260 in
1176 2234 1317 2259 manu.
1650 2217 1694 2249 80

191 2292 285 2333 Hoc
318 2306 489 2346 quoque
522 2293 655 2334 etiam
686 2292 790 2333 mihi
822 2293 865 2333 in
898 2291 1115 2332 mandatis
1149 2290 1270 2331 dedit
1294 2293 1430 2341 passer,

192 2362 250 2404 Ut
281 2364 579 2416 conquistores
610 2363 764 2405 fierent
795 2362 1098 2404 histrionibus:

193 2435 275 2485 Qui
306 2435 388 2476 sibi
420 2435 671 2477 mandasset
702 2435 890 2488 delegati
922 2439 968 2475 ut
1000 2433 1258 2487 plauderent

285 2634 329 2667 65
354 2633 629 2676 conquisitores
659 2633 795 2677 singuli
888 2634 932 2666 67
958 2631 1120 2665 fautores
1215 2631 1257 2663 09
1284 2629 1369 2663 Siue
1403 2628 1462 2672 qui
1496 2628 1693 2661 ambiswnf

194 2690 355 2734 palmam
380 2689 624 2723 histrionibus
717 2690 758 2722 71
787 2688 873 2723 Siue
906 2689 966 2732 qui
1001 2689 1077 2732 ipso
1110 2686 1311 2720 ambissent
1407 2686 1448 2718 73
1475 2684 1511 2717 Si
1539 2683 1696 2716 similvm

195 2757 273 2780 rem
298 2746 375 2790 ipse
402 2746 438 2780 in
463 2745 583 2790 legem
642 2747 686 2779 74
713 2745 907 2779 ambiucrit
967 2746 1010 2778 79
1035 2744 1171 2778 habere
1232 2745 1272 2776 Sl
1295 2745 1402 2786 pater
1421 2750 1484 2774 om
1548 2742 1591 2772 ⁸2
1612 2752 1696 2772 con-

197 2802 392 2846 quisitores
486 2804 530 2837 83
556 2801 796 2836 mandassent
