1926 3275
258 287 337 326 232
886 282 1122 328 Amphitruo.

801 447 1144 490 Argumentum
1173 447 1212 484 1.

373 551 409 587 2.
442 545 560 588 Dum
590 550 686 586 mire
719 561 805 586 cum
844 548 1091 585 coniunctivo
1132 549 1329 598 iungitur,
1371 562 1491 599 quare
1521 549 1754 586 Fleckeisen

259 627 379 667 quom
410 618 580 666 scripsit.
643 616 719 654 Sed
756 617 797 653 in
836 617 1074 665 argumentis
1112 617 1238 653 multa
1274 618 1633 657 inveniunturvel
1673 631 1753 654 ser-

256 686 382 723 monis
412 686 475 722 vel
506 697 757 721 numerorum
788 685 887 721 vitia
918 685 1072 721 auctori
1102 685 1234 734 potius
1267 698 1382 734 quam
1421 685 1594 723 librariis
1628 687 1753 736 impu-

256 753 388 790 tanda.
407 773 464 777 -
482 749 676 790 Teleboas
709 752 756 788 ab
781 752 1069 801 Amphitryone
1099 753 1225 789 victos
1258 757 1539 791 commemorat
1561 754 1752 791 Herodot.

258 821 302 868 V,
339 822 401 858 59.
450 820 578 858 Strab.
611 820 666 867 X,
702 822 745 867 2,
783 821 851 866 14,
894 821 961 869 qui
1000 820 1157 857 eosdem
1189 820 1362 871 Taphios
1404 825 1444 858 et
1481 821 1754 871 Cepha-Ilenios

257 890 413 927 habitos
444 902 528 926 esse
561 889 668 925 dicit.
716 888 899 925 Ceterum
931 888 1014 924 cod.
1041 887 1071 924 B
1103 889 1216 925 initio
1250 892 1476 926 constanter
1506 887 1750 936 „thelobois“

258 961 326 995 aut
368 955 597 1003 „telobois“,
629 956 722 993 inde
754 969 775 993 a
805 969 841 993 v.
875 956 955 993 410
997 956 1152 993 demum
1195 956 1415 1003 „teleboas“
1458 957 1598 1004 habet;
1639 971 1755 1007 quam

257 1026 422 1063 formam
453 1038 573 1074 quum
606 1025 753 1074 ubique
784 1024 1095 1071 restitueremus,
1128 1038 1176 1061 ne
1207 1026 1440 1062 varietatem
1472 1025 1630 1075 quidem
1661 1027 1755 1063 scri-

257 1094 376 1132 bendi
407 1096 545 1131 notare
568 1093 849 1130 voluimus.—-
875 1093 910 1129 3.
937 1088 1167 1131 Alcumena
1198 1095 1362 1143 antiqua
1393 1097 1431 1131 et
1461 1107 1553 1131 vere
1569 1093 1756 1132 Plautina

257 1163 426 1199 nominis
465 1161 592 1198 forma
629 1164 708 1207 est3
748 1161 988 1210 posteriores
1028 1161 1184 1198 demum
1223 1163 1365 1199 omissa
1402 1162 1530 1199 vocali
1569 1162 1756 1200 additicia

258 1230 434 1268 Graecam
472 1229 636 1266 formam
675 1228 936 1274 reduxerunt,
979 1230 1080 1265 sicut
1109 1228 1232 1266 Iulius
1265 1229 1392 1266 Caesar
1424 1229 1586 1277 Strabo,
1625 1233 1671 1267 ut
1701 1231 1756 1268 ait

257 1299 408 1336 Marius
439 1297 664 1335 Victorinus
694 1296 731 1343 I,
763 1310 801 1346 p.
837 1297 944 1333 2456
977 1296 1041 1343 P.,
1080 1298 1252 1346 „primus
1285 1297 1331 1334 de
1363 1298 1566 1335 Tecmessa
1596 1300 1755 1348 scripsit

257 1366 489 1414 tragoediam
521 1378 630 1402 suam
662 1367 700 1401 et
731 1365 770 1401 in
802 1378 917 1401 scena
947 1366 1195 1414 pronuntiari
1234 1363 1388 1402 iussit“.
1450 1366 1560 1416 Hanc
1591 1366 1755 1404 formam

259 1435 431 1472 editores
469 1434 532 1470 hic
571 1436 609 1469 et
638 1446 673 1469 v.
709 1433 729 1469 5
762 1446 898 1469 versus
938 1446 1054 1470 causa
1091 1434 1372 1483 praetulemnt,
1413 1434 1481 1470 sed
1520 1435 1607 1483 quis
1645 1436 1752 1482 sciat,

259 1517 309 1540 an
340 1503 559 1552 argumenti
591 1502 761 1550 scriptor
790 1502 958 1550 primam
990 1503 1156 1538 nominis
1188 1502 1379 1550 syllabam
1412 1502 1675 1552 corripuerit?
1699 1524 1755 1529 ——

257 1568 496 1609 usurariam
527 1570 604 1607 vid.
636 1583 672 1606 v.
706 1569 800 1606 494.
831 1589 887 1594 —
920 1571 956 1606 7.
989 1567 1099 1607 dolis
1129 1571 1231 1607 male
1263 1584 1310 1607 ex
1340 1584 1376 1607 v.
1411 1572 1431 1607 5
1464 1571 1647 1609 librarius
1687 1572 1754 1609 ad-

259 1639 404 1676 didisse
434 1638 610 1684 videtur3
644 1638 804 1674 sustulit
826 1637 943 1674 Both.
969 1638 1136 1687 Antiqui
1169 1638 1256 1676 edd.
1290 1640 1453 1685 „mirum
1484 1640 1524 1676 in
1554 1637 1752 1678 modum“.

786 1785 1129 1828 Argumentum
1159 1787 1224 1828 ΙΙ,

841 1877 1171 1914 acrostichon.

376 1978 409 2013 1.
441 1973 713 2022 Alemnewas,
752 1977 777 2012 i.
811 1989 842 2013 e.
875 1976 1083 2015 Alcmenae.
1145 1979 1408 2028 Antiquitatis
1447 1982 1616 2016 sectator
1654 1980 1753 2015 anti-

258 2057 374 2093 quam
407 2044 580 2091 genetivi
612 2043 775 2079 formam
808 2045 941 2093 posuit
972 2045 1047 2093 ipsi
1078 2045 1235 2093 Plauto,
1268 2051 1313 2083 ut
1343 2048 1523 2093 videtur,
1556 2060 1633 2084 non
1664 2060 1752 2096 pro-

256 2111 401 2148 batam.
448 2111 585 2147 Fuisse
617 2111 834 2159 antiquitus
865 2112 983 2148 talem
1015 2113 1178 2150 formam
1210 2115 1383 2151 ostendit
1418 2113 1747 2163 „paterfamilias“

259 2184 297 2217 et
328 2179 483 2225 similia,
518 2191 602 2227 quae
636 2179 754 2215 etiam
786 2179 835 2215 ad
866 2183 1045 2228 posteros
1068 2185 1306 2219 manserunt.
1354 2182 1551 2219 Praeterea
1576 2196 1621 2219 ex
1639 2182 1752 2219 Livio

256 2247 482 2285 Andronico
530 2246 691 2282 affertur
742 2246 913 2293 „escas“,
962 2248 1204 2294 „Monetasffi
1251 2248 1488 2297 ‚‚Lat011as“‚
1531 2264 1578 2287 ex
1615 2250 1751 2287 Naevio

262 2315 355 2362 „filii
388 2312 553 2360 ter1·as“,
593 2314 834 2359 .,fortunas“.
881 2315 925 2351 In
954 2317 1124 2365 antiquis
1157 2321 1286 2354 autem
1318 2319 1446 2354 titulis
1478 2318 1677 2355 interdum
1710 2328 1752 2355 68

257 2387 296 2419 et
328 2393 397 2420 aes
428 2383 639 2428 invenitur,
672 2386 716 2418 ut
746 2383 959 2430 Monimes,
994 2384 1221 2432 Laudicaes,
1254 2386 1464 2431 Minerves,
1497 2386 1664 2422 Dianaes
1698 2384 1750 2433 (v.

257 2450 380 2487 Indic.
414 2450 529 2499 Corp.
562 2450 682 2486 Inscr.
716 2450 803 2487 Lat.
835 2451 871 2497 I,
904 2465 941 2500 p.
977 2452 1089 2499 603).
1151 2454 1237 2491 Non
1270 2454 1457 2500 Graecam,
1492 2454 1561 2490 sed
1592 2455 1752 2503 proprie

256 2518 440 2555 Latinam
478 2517 576 2554 hanc
614 2518 778 2555 formam
812 2533 894 2556 esse
934 2521 1135 2558 contendit
1174 2522 1431 2569 Ritschelius,
1464 2521 1573 2558 Neue
1604 2521 1752 2558 Plauti-

256 2585 387 2622 nische
418 2585 589 2621 Excurse
619 2586 649 2631 I,
682 2599 720 2634 p.
756 2588 846 2624 115.

375 2654 410 2689 2.
450 2653 544 2688 Post
581 2651 759 2702 formam
797 2655 946 2701 hiatui-3
987 2656 1074 2692 edd.
1113 2659 1264 2705 transp.
1310 2658 1415 2703 ,eius
1452 2655 1659 2695 formam“.
1694 2676 1751 2681 —

259 2722 294 2756 5.
325 2718 486 2770 frustra
518 2717 649 2757 habet.
710 2721 875 2759 Plautus
915 2722 1150 2771 fras-tratur
1189 2725 1286 2761 dixit
1319 2739 1354 2762 v.
1389 2726 1488 2770 8233
1529 2725 1627 2762 illud
1658 2725 1747 2762 Tac.

255 2787 356 2824 Ann.
382 2787 490 2832 XIII,
519 2788 581 2823 51.
623 2788 849 2827 Ammianus
874 2790 1015 2837 XVIII,
1050 2792 1085 2837 (i,
1121 2792 1162 2827 G:
1202 2794 1256 2830 ..si
1288 2793 1416 2829 Persae
1449 2793 1596 2829 frustra
1626 2792 1749 2829 habiti

256 2855 452 2891 redissent
477 2854 524 2890 ad
550 2861 659 2892 sua‘'.
684 2876 738 2880 —
765 2858 800 2893 6.
829 2856 1014 2905 Invicem,
1040 2860 1144 2895 inter
1167 2873 1218 2906 sc,
1244 2862 1423 2909 Iuppiter
1442 2864 1481 2896 et
1497 2860 1746 2908 Amphitryo.
