1926 3275
134 290 161 332 I,
183 292 210 333 l⁷
229 291 406 323 196—208
688 325 697 329 ἢ
769 290 1003 334 Amphitruo.
1586 297 1635 335 21

811 416 963 459 Sosia

133 488 251 529 Bene
283 487 409 529 facit:
443 488 545 542 quia
575 502 653 529 nos
685 503 1080 542 eramusperegre,
1112 493 1299 532 tutatust
1331 490 1457 532 domi.

133 560 189 602 At
220 574 334 601 nunc
368 560 440 601 abi
471 573 585 611 sane,
619 560 846 602 aduenisse
878 561 1103 602 familiaris
1136 562 1281 604 dicito.

738 647 1033 690 Mercurius

133 720 286 761 Nescio
321 733 450 774 quam
483 723 530 760 tu
561 718 787 761 familiaris
820 721 897 772 sis3
930 722 1012 762 nisi
1044 726 1240 763 actutum
1272 723 1372 765 hinc
1404 724 1509 775 abis,
1573 731 1641 764 350

134 792 376 833 Familiaris
409 792 623 845 accipiere
657 791 756 833 faxo
789 792 907 834 haud
938 793 1225 835 familiariter.

812 880 967 921 Sosia

135 953 217 993 Hic
248 952 426 1006 inquam
457 951 607 992 habito
641 965 719 1005 ego
753 956 885 1006 atque
917 952 1084 994 horunc
1117 968 1265 996 seruos
1297 970 1401 997 sum.

736 1039 1033 1081 Mercurius

1151 1114 1207 1155 At
1238 1115 1330 1155 scin
1362 1129 1447 1169 quo
1479 1116 1638 1157 modo?

132 1185 309 1226 Faciam
341 1197 418 1237 ego
450 1183 578 1226 hodie
610 1189 652 1226 te
685 1185 932 1238 superbum,
965 1186 1047 1227 nisi
1078 1186 1178 1226 hinc
1210 1186 1314 1227 abis.

813 1272 960 1314 Sosia

1250 1331 1448 1382 Quonam
1479 1333 1638 1375 modo?

737 1402 1035 1444 Mercurius

132 1474 352 1526 Auferere,
386 1489 471 1516 non
504 1474 655 1525 abibis,
687 1475 722 1515 si
754 1488 831 1526 ego
863 1474 1022 1515 fustem
1054 1489 1289 1528 sumpsero.

811 1561 963 1603 Sosia

133 1635 245 1685 Quin
278 1648 344 1676 me
377 1649 468 1675 esse
500 1634 626 1675 huius
658 1632 839 1674 familiai
870 1632 1129 1674 familiarem
1161 1634 1379 1687 praedico.
1570 1637 1637 1670 355

736 1721 1031 1761 Mercurius

132 1793 241 1835 Uide
273 1794 340 1844 sis,
376 1808 506 1847 quam
537 1808 636 1835 mox
667 1793 881 1847 uapulare
913 1794 990 1843 uis,
1024 1794 1104 1834 nisi
1137 1797 1332 1834 actutum
1364 1792 1462 1834 hinc
1494 1794 1599 1836 abis.

810 1877 961 1918 Sosia

133 1950 226 1992 Tun
258 1950 385 1992 domo
418 1949 649 2004 prohibere
682 1963 861 2002 peregre
892 1963 960 1989 me
993 1948 1298 1989 aduenientem
1331 1949 1554 2001 postulas?

736 2021 779 2062 M
789 2035 811 2062 e
822 2035 843 2061 r
853 2034 875 2062 c
885 2036 913 2061 u
925 2021 1005 2061 riu
1016 2034 1034 2061 s

134 2079 325 2121 Haecine
357 2083 434 2121 tua
466 2078 669 2120 domust‘?

812 2148 964 2191 Sosia

710 2222 778 2263 Ita
808 2222 997 2275 inquam.

739 2293 1036 2335 Mercurius

1001 2365 1082 2415 Qui
1114 2379 1212 2405 erus
1245 2368 1308 2405 est
1339 2364 1469 2417 igitur
1500 2363 1608 2404 tibi?

812 2438 962 2480 Sosia

137 2511 405 2565 Amphitruo,
439 2512 511 2565 qui
544 2524 657 2551 nunc
690 2509 956 2564 praefectust
987 2509 1202 2550 Thebanis
1234 2507 1488 2559 legionibus,

137 2583 318 2633 Quicum
350 2588 527 2637 nuptast
558 2583 807 2624 Alcumena.

740 2653 1037 2695 Mercurius

821 2725 932 2775 Quid
961 2725 1053 2766 ais?
1080 2723 1181 2777 quid
1206 2737 1362 2764 nomen
1388 2722 1539 2763 tibist?
1571 2726 1638 2759 360

229 2882 294 2915 354
319 2881 514 2915 Auferrere
608 2882 673 2915 355
699 2880 846 2913 familiae
941 2881 1007 2913 357
1033 2878 1123 2912 Tum
