1926 3275
243 323 265 359 6
271 323 294 360 6
928 318 1046 352 Plauti

241 444 508 484 Exiurauisti
538 447 581 484 te
612 443 717 483 mihi
749 443 847 484 dixe
880 457 956 496 per
988 444 1131 483 iocum

241 602 330 643 Neo
361 601 485 643 nobis
518 605 730 655 praesente
764 601 874 642 alius
907 601 1137 655 quisquam
1654 601 1741 636 1040

241 673 334 714 Nisi
365 687 527 714 seruos.

241 817 335 858 Nisi
365 817 448 858 hoc
478 817 542 857 ita
571 815 778 857 factumst
809 816 989 869 proinde
1021 820 1069 857 ut
1100 815 1264 857 factum
1296 830 1389 858 esse
1421 820 1611 867 autumo,

241 888 338 929 Non
370 902 545 930 causam
577 888 672 929 dico
706 888 809 940 quin
841 887 934 928 iure
965 887 1185 929 insimules
1217 887 1376 941 probri.

514 1047 688 1088 abiendi
719 1059 833 1087 nunc
863 1045 945 1087 tibi
977 1047 1111 1087 etiam
1142 1047 1370 1089 occasiost.

868 1189 924 1230 Iu
947 1204 961 1230 i
1008 1190 1113 1231 iter

225 1239 518 1302 'Manifestum
550 1261 665 1302 hunc
698 1261 872 1302 obtorto
905 1204 1015 1302 chillo
1047 1266 1174 1302 teneo
1205 1261 1344 1303 furem
1375 1260 1523 1314 flagiti.
1654 1267 1740 1301 1045

834 1347 1149 1400 Amphitruo

242 1419 376 1461 Immo
410 1434 487 1473 ego
519 1420 645 1470 hunc,
676 1419 871 1460 Thebani
904 1420 1028 1471 cives,
1060 1420 1133 1472 qui
1165 1420 1280 1461 domi
1310 1434 1489 1461 uxorem
1519 1434 1661 1461 meam

242 1490 518 1544 Impudicitia
548 1491 787 1545 impediuit,
820 1496 946 1533 teneo
979 1491 1262 1532 thensaurum
1292 1492 1443 1545 stupri.

310 1699 522 1742 phitryone:
548 1698 739 1731 Lai-uatus.
764 1698 911 1742 Edepol
931 1698 1119 1732 hominem
1138 1699 1329 1732 miserum!
1349 1698 1534 1732 medicum
1555 1699 1740 1742 quaeritat.

309 1755 484 1798 Idemque
510 1766 634 1798 supra:
673 1754 781 1796 Quasi
813 1754 1028 1788 aduenienti
1053 1755 1181 1788 morbo
1213 1755 1388 1789 medicati
1419 1755 1541 1789 iuuem
1570 1759 1612 1789 tu
1644 1758 1741 1789 certe

309 1816 370 1845 aut
397 1812 558 1845 laruatus
585 1822 622 1845 es
648 1815 710 1845 aut
735 1812 899 1845 cerritus.
938 1811 996 1845 Id.
1017 1822 1056 1855 p.
1080 1812 1175 1846 247:
1201 1811 1398 1855 Aduenire7
1424 1812 1596 1857 incipere.
1634 1812 1741 1846 Plau-

310 1871 367 1901 tus
393 1868 677 1912 Amphitryone:
705 1867 844 1910 Quaeso
871 1868 1084 1901 aduenienti
1109 1869 1255 1903 moribo
1281 1869 1368 1903 iure.

244 1926 329 1958 1039
354 1925 500 1958 Nonius
517 1935 555 1968 p.
583 1926 670 1958 105.-
705 1924 884 1958 Exiurare
917 1928 954 1958 et
979 1925 1147 1959 deiurare
1172 1925 1193 1958 i.
1221 1937 1250 1958 e.
1276 1925 1382 1959 valde
1415 1926 1550 1968 iurare,
1585 1928 1625 1958 ut
1658 1924 1740 1958 dea-

309 1992 419 2013 mare.
469 1980 620 2014 Plautus
645 1981 930 2025 Amphitryone:
960 1981 1189 2016 Exiurauisti
1216 1984 1283 2015 etc.

244 2037 329 2069 1040
354 2048 405 2079 sq.
432 2036 577 2070 Nonius
594 2048 633 2080 p.
663 2039 726 2071 76:
758 2038 922 2071 Absente
947 2038 1054 2072 nobis
1081 2042 1117 2072 et
1141 2042 1325 2082 praesente
1356 2039 1463 2073 nobis
1488 2050 1556 2083 pro
1582 2049 1740 2082 praesen-

309 2092 407 2125 tibus
434 2093 541 2126 nobis
567 2097 603 2126 et
629 2094 842 2128 absentibus
868 2095 984 2128 nobis.
1035 2094 1187 2129 Plautus
1212 2095 1498 2140 Amphitryone:
1530 2094 1607 2129 Nec
1631 2095 1740 2129 nobis

309 2152 491 2192 praesente
518 2149 648 2192 aliquis
674 2151 863 2194 quisquam
891 2151 962 2185 nisi
989 2163 1124 2185 seruus.

244 2205 330 2238 1042
356 2216 406 2248 sq.
432 2205 528 2239 Non.
549 2216 588 2249 p.
610 2208 705 2240 237:
731 2208 934 2241 Autumare
960 2211 1016 2242 est
1042 2207 1162 2242 dicere
1182 2235 1188 2241 .
1205 2235 1211 2242 .
1229 2234 1258 2242 ..
1284 2208 1436 2243 Plautus
1450 2208 1737 2253 Amphitryone:

308 2260 389 2294 Nisi
413 2261 482 2295 hoc
507 2262 561 2295 ita
584 2261 721 2296 factum
753 2266 809 2297 est
838 2264 994 2307 proinde
1020 2268 1061 2298 ut
1085 2264 1224 2299 factum
1250 2276 1327 2300 esse
1352 2269 1521 2308 autumo,
1547 2263 1632 2299 Non
1656 2275 1738 2299 cau-

309 2328 385 2351 sam
411 2318 493 2352 dico
519 2329 645 2352 uerum
672 2320 761 2363 quin
785 2320 933 2355 simules
964 2321 1100 2365 probri.

242 2374 328 2406 1044
351 2373 531 2409 Priscian.
558 2375 633 2418 XI,
658 2378 727 2419 24,
747 2387 786 2420 p.
815 2379 885 2410 564
910 2377 951 2411 H
959 2391 968 2411 .·
1003 2377 1156 2412 Plautus
1187 2377 1335 2412 abiendi
1366 2378 1461 2412 dixit
1485 2388 1552 2423 pro
1579 2377 1738 2412 abeundi

307 2429 344 2462 in
371 2431 656 2474 Amphitryone:
684 2433 832 2467 abiendi
858 2437 924 2468 etc.

242 2486 328 2518 1045
351 2486 498 2521 Nonius
516 2498 554 2531 p.
575 2490 667 2522 453:
693 2488 847 2522 Furtum
868 2490 978 2524 etiam
998 2502 1073 2524 non
1094 2490 1217 2524 ablata
1237 2502 1305 2533 res,
1333 2490 1398 2525 sed
1424 2501 1532 2525 omne
1558 2489 1739 2534 quidquid

309 2543 451 2575 occulto
483 2544 639 2586 geritur,
672 2546 895 2580 auctoritate
927 2550 1090 2580 veterum
1118 2546 1189 2580 diei
1215 2550 1349 2590 potest.
1400 2547 1578 2591 Virgilius
1603 2546 1736 2591 Georg.

307 2597 381 2639 (IV,
407 2598 496 2639 346).
548 2599 697 2633 Plautus
723 2601 1010 2646 Amphitryone:
1037 2602 1275 2636 Manifestum
1302 2606 1371 2637 etc.

242 2654 327 2686 1046
353 2665 402 2696 sq.
429 2654 574 2688 Nonius
592 2666 631 2698 p.
659 2658 750 2690 331:
776 2657 958 2702 Impediro
1086 2659 1292 2702 sordidare,
1319 2660 1366 2693 ad
1389 2659 1565 2704 probrum
1591 2658 1734 2692 ducere.

307 2709 458 2743 Plautus
484 2711 771 2755 Amphitryone:
810 2714 926 2747 Immo
959 2725 1027 2758 ogo
1057 2715 1171 2757 hunc,
1197 2715 1364 2750 Thebani
1389 2716 1501 2758 cives,
1540 2715 1602 2759 qui
1636 2715 1736 2749 domi

307 2777 457 2799 uxorem
483 2779 601 2800 meam
624 2768 855 2811 impudicitia
876 2771 1077 2814 impediuit.
1122 2771 1178 2805 Id.
1193 2783 1233 2815 p.
1257 2774 1346 2806 456:
1372 2772 1597 2807 'thesaurum
1623 2771 1736 2805 etiam

307 2823 450 2866 copiam
476 2823 644 2866 pessimae
671 2824 722 2857 rei
749 2825 821 2858 diei
848 2838 952 2870 posse
978 2826 1128 2861 Plautus
1154 2829 1273 2862 voluit
1298 2829 1335 2863 in
1355 2829 1640 2873 Amphitryone:
1667 2826 1736 2870 Qui

308 2877 406 2912 domi
435 2891 581 2913 uxorem
612 2892 727 2914 meam
748 2882 983 2925 Iu'ipudicitia
1008 2883 1215 2927 impedium,
1241 2888 1350 2919 teneo
1373 2885 1586 2919 thesaurum
1606 2884 1734 2928 stupri.
