1926 3275
84 279 128 321 II,
150 281 180 320 2,
198 279 333 312 36—50
716 275 942 319 Amphitruo
1534 277 1582 314 4]

679 400 995 455 Amphitruo

88 476 322 518 Grauidam
356 488 434 527 ego
466 473 597 515 illanc
627 473 697 515 hic
728 473 897 528 reliqui,
931 488 1061 526 quom
1093 473 1215 514 abeo.

762 560 913 602 Sosia

1213 617 1277 667 Ei,
1309 617 1417 669 perii
1449 616 1589 657 miser.

87 749 198 801 Quid
229 749 382 790 tibist?
684 688 998 743 Amphitruo

763 818 916 860 Sosia

403 892 470 933 Ad
502 905 660 945 aquam
692 890 987 944 praebendam
1023 890 1297 931 commodum
1328 889 1485 930 a-(lueni
1517 889 1593 930 do-

1044 977 1174 1012 mum,

89 1037 280 1077 Decumo
314 1040 411 1090 post
443 1050 600 1087 mense,
632 1039 681 1077 ut
710 1035 928 1076 rationem
959 1038 1002 1075 te
1035 1038 1190 1088 putare
1221 1033 1441 1086 intellego.

684 1122 721 1163 A
731 1137 772 1162 m
782 1137 809 1176 p
819 1121 899 1164 hit
909 1136 967 1163 ru
979 1137 1002 1164 ο

88 1181 210 1222 Bono
243 1180 386 1222 animo
419 1195 474 1222 es.

768 1251 919 1293 Sosia

385 1324 485 1366 Scin
517 1338 648 1378 quam
678 1323 793 1365 bono
826 1324 967 1365 animo
1001 1323 1111 1364 sim‘?
1144 1322 1187 1364 Si
1219 1322 1394 1364 situlam
1427 1336 1595 1376 cepero,

90 1398 335 1451 Numquam
374 1396 529 1449 edepol
569 1400 617 1437 tu
654 1395 759 1437 mihi
797 1383 933 1437 diuini
974 1393 1245 1450 [quicquam]
1287 1395 1457 1436 creduis
1496 1398 1596 1446 post

1047 1467 1163 1508 hunc
1198 1467 1323 1517 diem,
1530 1471 1596 1504 665

91 1541 146 1582 Ni
178 1555 256 1594 ego
287 1542 351 1583 illi
384 1546 535 1596 puteo,
567 1542 604 1582 si
637 1554 838 1594 OccepSO‚
870 1540 1058 1581 animam
1087 1553 1259 1579 omnem
1289 1539 1594 1579 intertraxem.

690 1626 1004 1681 Amphitruo

93 1701 283 1756 Sequere
310 1701 394 1742 hac
418 1716 485 1742 me
510 1700 659 1751 modo;
692 1699 823 1741 alium
849 1711 926 1751 ego
951 1699 1021 1739 isti
1046 1698 1109 1739 rei
1134 1696 1369 1749 adlegabo;
1401 1710 1453 1737 ne
1478 1697 1594 1736 time.

94 1773 232 1826 Magis
264 1787 377 1814 nunc
408 1788 471 1815 me
502 1787 644 1814 meum
676 1771 863 1813 officium
896 1770 1058 1820 facere,
1101 1770 1136 1810 si
1174 1769 1274 1810 huic
1313 1783 1407 1809 eam
1439 1768 1596 1809 aduor-

1052 1856 1159 1892 sum,
1193 1840 1396 1882 arbitror.

93 1917 351 1971 Amphitruo
383 1932 562 1959 uxorem
594 1916 757 1958 salutat
788 1915 929 1956 laetus
963 1917 1183 1967 speratam
1215 1927 1350 1963 suam,

95 1990 234 2040 Quam
267 1991 456 2031 omnium
473 1989 633 2030 Thebis
658 1989 725 2029 uir
748 2002 878 2028 unam
905 2001 997 2027 esse
1023 1990 1242 2040 optumam
1276 1984 1498 2032 diiudicat„
1531 1990 1598 2021 670

96 2062 319 2116 Quamque
352 2062 460 2103 adeo
494 2061 611 2102 ciues
644 2059 837 2101 Thebani
870 2073 973 2099 uero
1006 2058 1264 2099 rumiferant
1296 2056 1490 2110 probam.

96 2133 339 2175 Ualuistine
371 2134 539 2188 usque?
570 2133 847 2187 Expectatun
879 2131 1091 2171 aduenio?

773 2218 925 2260 Sosia

1126 2272 1255 2313 Haud
1286 2272 1374 2313 uidi
1406 2273 1552 2324 magis

98 2349 425 2404 [Expectatu1n3
444 2364 542 2391 eum
555 2349 717 2389 salutat
735 2348 869 2400 magis
887 2346 1002 2387 haud
1021 2346 1247 2399 quisquam
1265 2358 1395 2398 quam
1413 2343 1596 2395 canem]

693 2418 1008 2473 Amphitruo

98 2494 153 2535 Et
177 2508 307 2548 quom
331 2492 559 2546 grauidam
583 2496 626 2533 ct
650 2506 780 2545 quom
803 2495 846 2532 te
865 2490 1015 2544 pulcre
1034 2489 1205 2542 plenam
1223 2488 1397 2542 aspicio.
1417 2487 1596 2540 gaudeo.

709 2563 767 2604 Al
779 2576 801 2603 c
811 2578 838 2603 u
847 2577 888 2603 m
900 2576 921 2602 e
932 2576 958 2601 n
970 2576 995 2602 a

101 2637 291 2679 Obsecro
324 2641 507 2687 ecastor,
540 2635 643 2689 quid
674 2640 722 2676 tu
753 2649 819 2676 me
853 2633 1081 2675 deridiculi
1113 2632 1254 2685 gratia
1533 2630 1598 2663 675

190 2752 253 2785 661
281 2751 381 2784 illam
431 2761 539 2793 quam
564 2750 682 2783 habeo
748 2750 814 2782 663
841 2747 980 2781 dictare
1045 2746 1111 2778 664
1137 2745 1283 2778 situlam
1312 2744 1381 2776 iam
1450 2744 1517 2776 666
1544 2754 1599 2775 oc-

101 2812 208 2851 cepto
285 2809 352 2841 667
377 2807 539 2849 alligabo
617 2808 684 2839 668
710 2818 767 2839 mc
793 2816 857 2839 om.
920 2804 1056 2837 faceres
1081 2801 1165 2834 huic
1248 2802 1311 2833 671
1341 2811 1508 2833 11(¹1·1)1·11m
1538 2799 1599 2830 mi-

101 2864 212 2897 fleant
281 2866 347 2897 674
373 2876 482 2906 quom
509 2868 544 2895 tc
570 2862 761 2906 grauidam
