1926 3275
163 207 208 251 V,
221 209 254 251 2,
267 208 381 242 6—25
828 208 1009 242 Asinaria.
1589 214 1608 252 1
1616 215 1665 253 31

777 333 1069 374 Artemona

163 405 220 445 At
251 404 437 446 scelesta
469 419 547 458 ego
580 408 755 458 praeter
787 405 896 447 alios
927 419 1071 447 meum
1100 406 1243 447 uirum
1275 407 1489 460 egregium
1522 412 1633 459 rata,

164 475 347 527 Siccum,
379 475 504 529 frugi,
538 477 847 528 continentem,
880 480 1099 518 amantem
1129 478 1276 519 uxoris
1308 492 1521 520 maxume.

776 548 1059 590 Parasitus

161 619 219 660 At
256 633 372 660 nunc
413 619 569 660 dehinc
607 620 716 662 scito
755 620 878 662 illum
920 625 1020 662 ante
1063 621 1200 662 omnis
1232 621 1413 663 minumi
1443 622 1672 664 mortalem

1124 693 1250 746 preti,

160 762 398 814 Madidum,
421 763 559 814 nihili,
584 763 931 805 incontinentem
955 767 1087 818 atque
1108 779 1280 806 osorem
1296 765 1442 806 uxoris
1462 779 1578 806 suae.
1604 771 1672 804 850

775 834 1066 877 Artemona

160 905 239 947 Pol
262 906 307 946 ni
330 920 436 947 uera
460 906 546 947 ista
571 909 728 958 essent,
753 921 992 959 numquam
1014 906 1181 948 faceret
1206 921 1268 958 ea,
1290 921 1402 961 quae
1419 922 1534 949 nunc
1551 906 1669 949 facit.

778 978 1062 1020 Parasitus

160 1049 252 1103 Ego
299 1063 473 1103 quoque
519 1049 666 1091 hercle
711 1049 834 1091 illum
881 1051 1069 1092 antehac
1109 1049 1328 1092 hominem
1368 1065 1538 1104 semper
1575 1065 1668 1092 sum

1121 1122 1236 1175 frugi
1266 1126 1409 1173 ratus3

159 1191 321 1234 Uerum
353 1192 438 1233 1100
467 1191 585 1233 facto
618 1206 712 1234 sese
744 1193 947 1245 ostendit,
980 1194 1055 1247 qui
1086 1194 1261 1246 quidem
1293 1207 1389 1234 cum
1420 1194 1510 1235 filio

159 1263 286 1306 Potet
316 1277 404 1305 una
435 1268 565 1318 atque
596 1279 684 1306 una
715 1266 902 1306 amicam
934 1266 1085 1307 ductet
1117 1265 1365 1318 decrepitus
1397 1279 1542 1306 senex.

774 1337 1062 1379 Artemona

159 1407 254 1449 Hoc
286 1411 457 1449 ecastor
488 1411 554 1449 est
585 1408 701 1462 quod
733 1409 823 1450 11110
856 1409 912 1450 ad
944 1422 1096 1450 cenam
1129 1407 1288 1450 cotidie
1600 1409 1667 1442 855

159 1479 232 1520 Ait
263 1493 356 1521 sese
387 1480 451 1520 ire
484 1480 540 1521 acl
570 1479 891 1531 Archidemum,
925 1480 1177 1531 Chaeream,
1213 1479 1580 1531 Chaerestratum,

160 1549 357 1602 Cliniam,
390 1550 629 1603 Chremem,
664 1550 903 1602 Cratinum,
936 1552 1121 1603 Diniam,
1153 1551 1511 1597 Demosthenem;

159 1622 201 1664 Is
233 1623 351 1677 apud
383 1627 574 1664 scortum
606 1623 928 1676 corruptelaest
958 1623 1120 1674 liberis,
1151 1623 1302 1664 lustris
1334 1623 1491 1664 studet.

772 1694 1052 1736 Parasitus

161 1765 273 1816 Quin
303 1770 353 1808 tu
383 1766 505 1808 illum
536 1766 659 1808 iubes
691 1766 874 1807 ancillas
906 1780 1062 1820 rapere
1095 1765 1321 1807 sublimem
1354 1765 1556 1807 domum?

771 1838 1061 1879 Artemona

160 1909 275 1951 Tace
306 1909 455 1961 modo;
487 1924 542 1951 ne
572 1909 695 1951 illum
727 1913 901 1951 ecastor
931 1910 1136 1951 miserum
1165 1908 1349 1950 habebo.

773 1981 1055 2023 Parasitus

1200 2052 1292 2105 Ego
1324 2052 1437 2093 istuc
1469 2053 1557 2093 scio
1597 2058 1666 2091 860

160 2123 229 2164 Ita
259 2123 353 2166 fore
385 2123 460 2175 illi,
493 2124 594 2166 dum
625 2125 801 2179 quidem
833 2139 931 2166 cum
960 2124 1035 2166 illo
1067 2128 1206 2178 nupta
1237 2124 1334 2165 eris.

770 2196 1062 2238 Artemona

1342 2251 1432 2304 Ego
1467 2265 1619 2292 censeo

159 2323 271 2364 Eum
293 2323 319 2375 †
344 2324 477 2365 etiam
500 2324 718 2366 hominem
743 2324 785 2365 in
810 2328 964 2366 senatu
987 2324 1091 2365 clare
1109 2337 1285 2377 operam
1303 2326 1380 2363 aut
1397 2322 1662 2373 cluentibus;

158 2394 225 2436 Ibi
254 2394 406 2436 labore
439 2395 703 2437 delassatum
734 2400 906 2437 noctem
936 2399 1076 2437 totam
1108 2399 1306 2436 stertere.

158 2466 237 2507 Ille
269 2466 374 2508 foris
407 2481 537 2520 opere
568 2466 772 2508 faciundo
804 2467 944 2509 lassus
975 2471 1107 2508 noctu
1139 2466 1337 2516 aduenit3

158 2537 359 2579 Fundum
392 2538 582 2580 alienum
614 2543 721 2590 arat,
754 2539 966 2580 incultum
996 2538 1256 2579 familiarem
1287 2536 1457 2578 deserit.
1596 2542 1663 2576 865

159 2609 201 2650 Is
232 2611 364 2651 etiam
398 2614 628 2663 corruptus
659 2624 790 2664 porro
825 2624 949 2651 suum
981 2609 1177 2663 corrupit
1206 2609 1355 2649 filium.

250 2724 318 2756 847
342 2723 463 2756 uirum
488 2721 585 2766 frugi
610 2724 692 2755 rata
761 2723 825 2755 851
854 2722 927 2755 ista
947 2733 1034 2755 uera
1104 2721 1171 2755 855
1196 2721 1256 2754 ille
1276 2720 1306 2754 it
1326 2720 1372 2755 ad
1443 2720 1510 2753 857
1535 2719 1660 2753 dinian

160 2777 402 2812 demostenen
472 2780 538 2813 858
564 2778 785 2823 corruptelae
812 2782 849 2812 et
918 2780 986 2812 864
1012 2789 1123 2822 opere
1147 2777 1237 2811 foris

1347 2845 1388 2878 9*
