1926 3275
769 313 810 347 V.
836 315 1027 349 668-685.
1569 319 1646 357 301

144 458 214 482 nos
246 444 285 497 di
316 445 470 488 iuuere,
502 440 704 492 gaudeo“;
738 443 784 480 cf.
818 457 940 493 supra
973 444 1067 480 636.
1130 442 1304 490 Gaudet,
1348 445 1456 494 quod
1487 458 1649 482 uxorem

142 512 349 562 gravidam
381 512 574 559 conspicit
612 514 650 548 et
690 510 848 560 quidem
888 511 1050 560 pulchre
1081 511 1258 560 plenam,
1292 514 1410 554 καλῶς
1441 514 1577 562 πλήρη,
1607 517 1651 550 ut

143 579 361 617 Menander
376 579 520 616 Heaut.
541 579 584 615 6:
617 579 678 615 τὸν
709 581 826 621 καλῶς
857 579 1060 627 εὐδαίμονα.
1106 578 1288 616 Alterum
1315 579 1351 617 ΐθ
1382 581 1651 618 omittendum

143 661 228 684 esse
245 651 284 685 et
301 661 347 684 ex
364 649 482 684 metri
498 648 733 684 necessitate
759 651 797 684 et
822 661 869 684 ex
893 647 1084 684 sermonis
1110 647 1309 696 elegantia
1325 648 1524 686 intellexit
1541 649 1649 687 Pius.

142 736 199 740 ——
232 716 325 752 676.
359 712 516 753 dudum
546 728 624 752 non
654 715 813 764 longum
838 713 1035 762 significat
1059 714 1128 751 sed
1151 715 1270 752 breve
1294 719 1462 765 tempus,
1490 731 1526 754 v.
1556 718 1649 755 654.

143 783 274 829 Quare
290 796 368 820 non
384 783 529 820 iniuria
544 783 692 820 Muller
714 793 797 820 uon
822 779 979 820 (ludum
1002 782 1250 820 scribendum
1276 787 1422 820 censet.
1464 785 1648 822 Proximo

142 864 261 888 versu
284 850 386 887 idem
419 847 627 900 Quasique
650 864 722 899 pro
754 847 882 899 Quasi
914 847 995 898 (μή,
1028 863 1107 887 non
1138 851 1288 888 minore
1320 853 1417 889 iure.
1465 852 1542 890 Sed
1573 854 1652 890 iam

143 918 323 955 Muretus
347 918 438 955 Var.
466 919 554 956 lect.
579 918 628 965 X,
666 919 713 955 13
747 931 822 955 vss.
853 919 1047 955 677--78
1081 931 1152 967 pro
1184 920 1331 967 spuriis
1364 920 1578 967 damnavit,
1613 925 1650 958 et

145 987 225 1023 678
258 986 416 1036 quidem
447 991 528 1024 tam
560 987 698 1024 similis
729 989 790 1022 est
823 987 915 1032 676,
943 989 988 1022 ut
1014 986 1130 1023 ambo
1162 987 1279 1023 simul
1311 987 1405 1024 ferri
1438 993 1649 1037 nequeant.

142 1053 328 1101 Accedit,
362 1054 470 1103 quod
500 1055 666 1092 verbosa
711 1055 786 1091 ista
822 1053 1044 1103 loquacitas
1083 1054 1175 1091 huic
1213 1055 1298 1091 loco
1338 1057 1405 1092 vix
1444 1060 1537 1106 apta
1576 1061 1648 1093 est.

143 1121 289 1158 Verum
320 1123 463 1159 vitium
494 1122 675 1160 vocabuli
708 1119 865 1161 (Indum
902 1121 1060 1168 suadet,
1100 1126 1145 1158 ut
1184 1123 1272 1159 aliis
1311 1124 1490 1161 terminis
1531 1126 1650 1161 inter-

142 1189 385 1238 polationem
417 1190 781 1228 circumscribamus
813 1193 852 1227 et
882 1189 1011 1226 deleta
1043 1194 1218 1227 extrema
1248 1194 1365 1241 parte
1398 1204 1535 1229 versus
1571 1193 1649 1229 676

143 1257 310 1294 similem
348 1261 500 1307 partem
541 1272 679 1296 versus
721 1259 800 1296 678
843 1259 1094 1295 retineamus.
1156 1255 1282 1295 madio
1312 1259 1433 1306 post,
1473 1260 1497 1296 i.
1533 1274 1564 1296 e.
1606 1274 1651 1297 ex

144 1326 263 1373 longo
295 1326 525 1373 intervallo,
567 1327 614 1363 cs.
648 1340 767 1376 supra
800 1327 893 1363 663.
955 1325 1082 1363 Huius
1114 1327 1404 1376 interpretandi
1436 1341 1553 1364 causa
1585 1328 1650 1364 ad-

143 1394 335 1442 scriptum
375 1398 434 1431 est
472 1395 573 1432 illud
612 1391 790 1442 dudum,
823 1393 1110 1443 significatione
1142 1408 1164 1431 a
1194 1394 1329 1432 Plauti
1361 1399 1477 1432 aetate
1509 1396 1649 1432 aliena.

145 1481 200 1486 --
225 1462 318 1499 680.
351 1458 484 1500 Haud
513 1472 683 1512 aequom
717 1493 752 1500 ..
773 1492 780 1500 .
815 1459 999 1499 dediscit.
1050 1463 1241 1500 Alcmena
1270 1463 1500 1512 indignatur
1532 1463 1649 1513 quod,

144 1542 266 1578 quum
319 1543 413 1566 vera
466 1529 594 1567 dicere
648 1543 687 1567 se
741 1530 924 1567 didicisse
979 1530 1105 1576 dicat,
1160 1530 1235 1568 hoe
1291 1531 1539 1568 dedidicerit.
1595 1552 1652 1555 —

146 1597 241 1634 682.
273 1595 532 1635 revortimini
560 1599 728 1648 primam
760 1597 957 1647 producit,
992 1597 1097 1648 quod
1129 1612 1250 1647 quum
1282 1597 1367 1635 fieri
1391 1612 1468 1636 non
1493 1600 1649 1646 soleret,

145 1664 205 1702 Fl.
244 1664 570 1711 „conuortimini“
613 1666 792 1716 scripsit,
834 1666 940 1715 quod
978 1666 1128 1703 incuria
1173 1666 1410 1716 typographi
1452 1668 1570 1703 etiam
1611 1669 1650 1703 in

146 1736 320 1770 nostram
352 1733 569 1771 editionem
600 1734 775 1771 transiit.
801 1754 858 1759 ——
883 1734 976 1771 683.
1004 1731 1245 1782 (suspiciam,
1273 1735 1378 1783 quod
1402 1736 1478 1771 iter
1501 1736 1650 1782 ingres-

146 1814 262 1837 surus
303 1801 461 1852 cepisti,
503 1815 552 1838 an
591 1801 832 1850 tempestas,
871 1803 978 1839 venti
1019 1801 1184 1838 adversi.
1224 1822 1281 1826 —
1322 1803 1414 1839 684.
1453 1799 1533 1852 Qui
1571 1813 1650 1840 mm

148 1864 299 1906 abiisti.
361 1869 419 1906 Ne
451 1870 538 1918 quis
571 1870 863 1907 coniunctivum
895 1870 1081 1918 postulet,
1115 1870 1355 1906 indicativus
1387 1872 1427 1907 in
1459 1870 1651 1907 eiusmodi

146 1937 353 1991 sententiis
385 1937 490 1986 apud
521 1937 706 1974 Plautum
737 1938 921 1987 frequens
962 1942 1039 1983 est,
1084 1937 1130 1974 cf.
1164 1937 1268 1974 Men.
1305 1939 1405 1975 584:
1458 1938 1531 1984 „Di
1562 1952 1651 1987 per-

147 2003 245 2041 dant
278 2034 285 2041 .
313 2034 320 2042 .
349 2034 357 2042 .
390 2018 469 2051 me,
511 2006 579 2054 qui
616 2005 732 2042 hodie
772 2006 899 2043 forum
940 2019 1125 2054 umquam
1166 2006 1289 2043 oculis
1329 2007 1482 2054 inspexi
1514 2005 1650 2043 meis‘².

146 2071 199 2109 ib.
234 2073 333 2110 603:
387 2075 498 2122 „qui,
543 2086 643 2122 quae
682 2072 817 2120 uides,
865 2087 909 2110 ea
954 2072 1185 2123 pernegat‘⁴.
1227 2094 1283 2098 —-
1325 2070 1466 2111 [ιῦἱίδΐί
1512 2077 1550 2111 et
1597 2071 1653 2111 nti

147 2153 282 2177 versus
321 2154 437 2177 causa
475 2141 551 2178 iam
592 2141 743 2189 antiqui
783 2141 870 2178 edd.
912 2161 967 2166 —
1008 2143 1101 2178 685.
1143 2141 1289 2179 Versus
1334 2143 1437 2179 iusto
1484 2142 1650 2191 longior.

147 2207 298 2245 Camer.
336 2207 541 2254 „Dudum“
577 2210 618 2245 in
649 2209 842 2257 principio
876 2222 1012 2246 versus
1053 2209 1230 2255 delebat,
1272 2209 1386 2246 Both.
1433 2208 1650 2259 „p1·idem‘*‚

148 2275 256 2324 quod
293 2277 479 2325 repetitio
521 2276 689 2325 proximi
730 2289 865 2313 versus
905 2276 1160 2313 commendat.
1225 2287 1348 2325 quam
1388 2274 1563 2324 (ludum,
1604 2278 1651 2314 cf.

149 2343 256 2379 Asin.
290 2343 384 2379 446.
439 2343 562 2381 Stich.
598 2344 691 2381 310.
747 2343 855 2381 Trin.
891 2345 989 2381 608:
1045 2344 1195 2390 „Quam
1242 2344 1390 2381 dudum
1436 2345 1537 2382 istuc
1585 2349 1651 2381 aut

148 2411 215 2448 ubi
254 2410 451 2448 actumst?
499 2411 569 2448 ST.
609 2411 726 2457 Ilico,
767 2411 831 2448 hic
869 2415 960 2448 ante
999 2413 1154 2449 ostium.
1216 2412 1313 2449 Tam
1344 2412 1482 2458 modo,
1524 2414 1651 2462 inquit

148 2477 473 2515 Praenestinus“.
535 2479 758 2528 Simplicius
798 2479 956 2516 Terent.
996 2479 1096 2516 Eun.
1133 2481 1231 2517 697:
1287 2479 1506 2526 „QuancloP
1568 2480 1650 2518 DO.

150 2546 289 2583 Hodie.
353 2546 432 2583 PH.
481 2548 603 2592 Quam
651 2546 825 2584 dudum?
887 2546 967 2583 DO.
1001 2547 1164 2585 Modo‘'.
1234 2548 1317 2584 Hoc
1364 2562 1520 2597 quoque
1567 2548 1652 2584 loco

149 2613 253 2651 idem
292 2614 573 2663 respondetur:
620 2611 767 2660 mod();
812 2614 880 2651 sed
920 2619 1011 2651 ante
1050 2615 1123 2652 hoc
1162 2615 1308 2664 legitur
1354 2612 1432 2651 iam
1475 2612 1653 2661 dudem&

150 2694 238 2731 quae
297 2682 462 2728 locutio,
524 2682 705 2719 omnibus
765 2682 1022 2732 scriptoribus
1090 2679 1367 2730 familiaris*),
1430 2683 1653 2731 significare

186 2835 217 2877 *)
243 2835 422 2869 Librariis
448 2835 597 2878 quidem
624 2835 691 2873 ita,
719 2839 752 2869 ut
785 2836 895 2870 etiam
922 2836 965 2869 de
991 2847 1057 2869 suo
1084 2835 1200 2879 „iam“
1235 2836 1414 2870 adderent
1447 2840 1534 2870 ante
1568 2836 1653 2879 „du-

244 2891 365 2934 dum“‚
392 2903 422 2925 v.
450 2891 543 2925 infra
567 2893 643 2926 956.
