1926 3275
117 325 161 369 V,
176 327 208 369 2,
221 327 345 369 89—3,
358 327 380 361 6
783 326 964 361 Asinaria.
1544 333 1624 372 137

703 452 1037 496 Philaenium

116 523 181 565 De
212 523 333 578 palla
362 528 592 576 memento,
629 524 798 566 amabo.

694 596 1051 639 Demaenetus

810 668 946 710 Iuben
976 669 1091 710 hanc
1122 668 1223 711 hinc
1255 669 1524 713 abscedere?
1556 678 1625 711 930

696 737 1047 792 [Philaenium

115 810 251 851 Immo
283 810 400 851 intus
431 810 576 864 potius
607 824 789 864 sequere
819 810 902 852 hac
933 826 1014 863 nie,
1045 813 1104 853 mi
1134 813 1289 854 anime.

692 882 1050 925 Demaenetus

1167 955 1259 1009 Ego
1291 971 1397 998 uero
1431 957 1622 1011 sequor]

730 1025 1016 1068 Artemona

115 1081 135 1122 Ι
167 1081 354 1123 domum.

699 1152 1040 1196 Philaenium

364 1224 430 1265 Da
461 1224 631 1265 sauium
662 1224 794 1265 etiam
825 1226 946 1279 prius
978 1239 1108 1279 quam
1140 1227 1247 1269 abis.

692 1295 1050 1339 Demaenetus
1234 1348 1255 1363 ⁶

1266 1355 1285 1396 Ι
1316 1355 1361 1397 in
1393 1369 1577 1398 crucem.

769 1608 969 1651 GREX

115 1709 199 1751 Hic
231 1723 363 1751 senex
394 1711 431 1751 si
462 1710 566 1763 quid
599 1710 710 1751 clam
741 1725 920 1752 uxorein
951 1726 1027 1753 suo
1061 1713 1204 1754 animo
1237 1712 1342 1754 fecit
1371 1713 1518 1767 uolup‚

115 1780 267 1835 Neque
298 1795 459 1823 nouom
487 1796 628 1834 neque
654 1782 809 1823 mirum
832 1782 936 1824 fecit
960 1797 1041 1825 nec
1066 1797 1190 1825 secus
1214 1798 1345 1838 quam
1369 1785 1444 1826 alii
1468 1785 1622 1827 solent.

115 1851 207 1893 Nec
227 1853 502 1907 quisquamst
524 1857 616 1894 tam
639 1853 811 1907 ingenio
838 1854 946 1896 duro
971 1868 1051 1896 nec
1074 1859 1167 1896 tam
1189 1856 1313 1897 firmo
1338 1861 1529 1910 pectore,
1556 1862 1623 1896 935

117 1923 242 1976 Quin,
273 1924 348 1966 ubi
380 1925 567 1978 quicque
599 1925 841 1967 occasionis
873 1926 943 1978 sit,
975 1927 1058 1968 sibi
1089 1926 1225 1969 faciat
1255 1928 1377 1970 bene.

116 1994 243 2036 Nunc
274 1996 309 2036 si
340 1995 473 2038 uoltis
506 1996 736 2050 deprecari
765 1996 866 2038 huic
898 1998 991 2039 seni
1021 2012 1073 2040 ne
1105 1999 1297 2052 uapulet‚

116 2064 279 2108 Remur
308 2067 521 2120 inpetrari
552 2082 691 2121 posse,
722 2068 925 2122 plausum
956 2069 992 2110 si
1023 2069 1190 2111 clarum
1221 2070 1348 2111 datis.

210 2838 278 2870 932
303 2837 319 2870 Ι
345 2837 497 2872 domum
522 2838 746 2873 antecedenti
768 2840 892 2874 versui
915 2840 1107 2875 adhaerent.
1159 2840 1252 2874 abiis
1328 2842 1394 2875 933
1420 2841 1623 2886 uoluptatis

119 2892 185 2926 936
211 2903 356 2937 quaque
449 2895 516 2927 938
541 2894 572 2928 si
597 2894 767 2938 plausum
792 2895 822 2930 is
