1926 3275
131 1047 361 1107 Asinariam
393 1067 555 1105 Plautus
587 1082 634 1104 ex
666 1067 800 1105 Graeca
833 1067 1059 1117 Demophili
1091 1068 1294 1104 cuiusdam
1327 1068 1460 1105 fabula
1493 1068 1638 1106 Latine

132 1137 267 1174 vertit.
315 1135 496 1174 Graecum
518 1135 662 1173 fabulae
686 1148 827 1173 nomen
851 1135 1000 1185 Ὄνηγός
1032 1139 1138 1182 erat,
1170 1136 1334 1173 Plautus
1367 1137 1416 1173 ad
1448 1139 1509 1174 sui
1539 1140 1639 1173 tem-

132 1205 239 1255 poris
270 1217 420 1242 morem
444 1200 692 1242 Asiwzffl⁹lanz
723 1204 940 1253 appellavit
973 1201 1043 1251 (sc.
1072 1202 1277 1251 fabulam),
1311 1206 1336 1241 i.
1364 1218 1395 1241 e.
1425 1205 1466 1241 in
1491 1217 1568 1253 qua
1594 1204 1641 1240 de

133 1274 254 1311 asinis
288 1275 438 1323 agitur,
479 1272 651 1309 venditis
690 1272 860 1318 scilicet,
901 1272 963 1309 vel
1000 1273 1133 1321 potius
1166 1272 1212 1309 de
1243 1273 1412 1322 pecunia
1443 1286 1490 1309 ex
1522 1273 1641 1309 asinis

132 1341 306 1379 venditis
331 1341 510 1387 redacta,
545 1353 662 1389 quam
694 1353 897 1376 servorum
925 1340 1124 1378 calliditas
1149 1341 1267 1378 herili
1290 1339 1373 1378 filio
1399 1340 1448 1377 ad
1474 1341 1641 1377 amicam

132 1409 338 1447 emendam
376 1408 651 1446 fraudulenter
691 1412 906 1457 comparat.
969 1407 1046 1445 Sed
1077 1410 1116 1445 in
1147 1409 1219 1446 hac
1251 1408 1385 1445 fabula
1417 1422 1496 1445 non
1526 1411 1571 1445 ut
1601 1409 1642 1446 in

132 1478 336 1529 plerisque
376 1478 464 1514 aliis
500 1476 605 1514 filius
645 1478 770 1513 amori
809 1476 966 1513 deditus
1005 1481 1160 1526 patrem
1199 1490 1377 1514 severum
1410 1477 1640 1523 defraudat,

133 1550 250 1596 pater
287 1547 373 1596 ipse
406 1559 485 1582 non
523 1546 652 1582 minus
684 1544 843 1581 libidini
876 1544 1033 1581 deditus
1064 1558 1135 1582 nec
1167 1546 1295 1582 minus
1328 1556 1445 1592 egens
1476 1558 1640 1582 uxorem

132 1627 309 1651 severam
342 1617 381 1651 et
413 1615 667 1664 pecuniosam
706 1612 845 1649 fallere
886 1612 1021 1649 studet
1058 1611 1210 1662 filiique
1249 1614 1438 1662 nequitiae
1479 1616 1518 1650 et
1549 1626 1641 1650 con-

135 1682 238 1719 scius
277 1685 315 1719 et
353 1682 512 1719 adiutor
544 1685 581 1718 et
612 1683 812 1731 particeps
845 1684 914 1717 est.
976 1681 1227 1730 Argyrippus
1258 1682 1380 1730 igitur
1413 1681 1641 1718 adulescens

135 1750 370 1787 Ph-ilaenium
402 1750 670 1796 meretricem,
705 1748 893 1786 Clearetae
924 1749 1022 1786 lenae
1053 1748 1195 1796 filiam,
1229 1753 1345 1786 amat.
1407 1748 1532 1786 Donis
1565 1761 1642 1785 non

136 1832 301 1868 parcens
342 1832 428 1855 cum
470 1832 512 1855 ea
553 1817 797 1867 aliquamdiu
837 1817 1058 1863 consuevit,
1100 1817 1166 1853 sed
1213 1820 1290 1854 iam
1336 1817 1503 1867 pecunia
1548 1816 1642 1853 defi-

136 1888 264 1924 ciente
304 1886 546 1932 excluditur,
590 1889 628 1923 et
666 1899 786 1935 quum
827 1886 926 1922 alius
966 1885 1213 1932 adulescens,
1255 1884 1463 1931 Diabolus,
1506 1885 1642 1921 eodem

136 1968 268 1992 amore
300 1958 451 2005 captus,
484 1958 529 1992 ut-
559 1954 633 1991 sibi
659 1954 794 2004 puella
818 1954 855 1990 in
882 1955 1081 2001 integrum
1107 1967 1252 1990 annum
1277 1953 1473 1999 tradatur,
1499 1954 1643 2002 viginti

135 2024 262 2060 minas
294 2023 538 2073 promiserit,
580 2023 668 2059 lena
700 2022 970 2071 Argyrippum
1010 2022 1085 2058 nisi
1126 2021 1261 2058 eadem
1298 2020 1476 2058 mercede
1514 2021 1640 2058 soluta

136 2090 296 2129 domum
337 2105 446 2128 suam
485 2092 636 2128 intrare
672 2093 792 2127 vetat.
854 2089 1104 2127 Demaenetus
1136 2093 1250 2138 pater
1283 2092 1319 2126 et
1353 2090 1437 2138 ipse
1470 2089 1644 2126 eiusdem

137 2159 359 2196 meretricis
400 2159 566 2209 cupidus
606 2172 689 2196 eam
720 2157 803 2195 filio
838 2158 1050 2195 conciliare
1082 2157 1217 2194 studet
1255 2170 1416 2207 sperans
1455 2156 1559 2203 fore,
1599 2161 1643 2194 ut

137 2227 252 2264 huius
283 2226 462 2264 beneficii
493 2227 621 2276 gratia
652 2226 756 2263 filius
789 2226 865 2263 sibi
898 2239 1055 2275 quoque
1088 2226 1232 2262 amoris
1265 2226 1347 2261 eius
1373 2228 1529 2274 partem
1554 2237 1643 2261 con-

138 2295 262 2332 cedat.
315 2295 444 2341 Quare
476 2295 609 2332 statim
642 2295 757 2332 initio
788 2293 930 2330 fabulae
963 2293 1089 2330 facilis
1122 2294 1322 2341 comisque
1353 2293 1478 2342 patris
1510 2296 1643 2341 partes

138 2375 257 2411 agens
289 2363 483 2400 Libanum
527 2376 683 2400 servum
722 2362 924 2408 hortatur,
964 2365 1009 2398 ut-
1046 2361 1125 2397 filio
1158 2374 1226 2398 suo
1258 2374 1331 2410 per
1362 2360 1541 2397 fraudem
1574 2361 1643 2397 ali-

138 2444 255 2480 quam
282 2435 485 2480 argentum
518 2430 618 2467 illud
650 2434 863 2479 comparet,
898 2443 1028 2478 seque,
1062 2431 1093 2465 si
1127 2442 1224 2478 opus
1255 2429 1388 2474 fuerit,
1423 2428 1643 2466 adiutorem

138 2499 222 2537 fore
253 2499 476 2549 pollicetur.
539 2498 722 2534 Proxima
761 2511 876 2534 scena
917 2499 1013 2534 iram
1054 2498 1243 2534 amatoris
1276 2497 1390 2533 domo
1424 2498 1643 2534 meretricis

138 2568 285 2605 exclusi
332 2571 369 2604 et
417 2567 621 2604 avaritiam
663 2566 760 2602 lenae
800 2569 836 2602 ct
878 2566 1094 2602 convicium
1133 2566 1341 2613 utriusque
1381 2565 1537 2614 egregie
1577 2566 1642 2602 (le-

139 2636 279 2685 pingit.
341 2635 444 2672 Dum
477 2634 652 2671 Libanus
691 2634 757 2670 ille
797 2634 944 2670 frustra
986 2634 1089 2670 viam
1124 2633 1295 2682 aliquam
1327 2634 1503 2681 pecuniae
1537 2634 1643 2670 aufe-

138 2703 270 2740 rendae
311 2705 471 2753 quaerit,
506 2716 592 2740 ecce
625 2701 843 2747 Leonidas,
878 2702 978 2738 alter
1009 2715 1145 2738 servus
1187 2701 1314 2738 cidem
1354 2702 1413 2737 rei
1454 2702 1641 2747 intentus,

139 2772 335 2821 egregiam
375 2770 525 2807 fraudis
558 2771 800 2808 occasionem
833 2770 996 2806 invenit.
1058 2769 1158 2806 Nam
1191 2769 1358 2814 Saurea,
1393 2770 1574 2806 atriensis
1607 2773 1643 2807 et

140 2843 253 2876 actor
290 2839 535 2885 Artemonae,
577 2852 695 2888 quam
736 2851 899 2875 uxorem
941 2838 1034 2875 olim
1073 2837 1323 2875 Demaenetus
1371 2851 1455 2875 cum
1502 2851 1640 2886 magna

141 2906 231 2944 dote
263 2906 449 2951 duxerat,
492 2908 623 2943 asinos
664 2906 815 2955 aliquot
857 2906 1068 2943 mercatori
1107 2907 1316 2955 peregrino
1358 2906 1498 2955 viginti
1530 2906 1643 2942 minis
