1926 3275
709 303 751 337 V.
776 304 967 338 301-314.
1509 305 1590 343 267

87 449 269 474 somnum
299 434 515 485 paraveris,
547 446 638 470 nam
669 433 783 469 nimis
816 432 885 469 diu
915 430 1118 479 vigilavi“.
1136 431 1304 468 -310,
1339 430 1462 468 Codd.
1496 434 1534 467 et
1560 430 1590 466 B

88 507 128 541 et
159 503 298 541 ceteri:
337 501 518 549 „MERQ
551 501 714 538 Pessum
747 504 818 537 est.

86 570 244 609 SOSIA.
276 569 446 607 Facinus
476 569 658 618 nequiter
688 566 792 617 etc.“

88 639 221 676 Facile
252 641 418 688 apparet
442 650 580 674 versus
608 637 802 674 311—-12
829 650 851 673 a
875 635 1074 673 Mercurio
1098 635 1350 684 pronuntiari
1374 647 1592 684 nomenque

87 706 208 745 Sosiae
247 719 380 743 errore
416 705 574 742 librarii
613 704 677 741 hic
707 705 883 754 positum
916 717 1017 750 esse,
1051 716 1173 752 quum
1202 703 1335 740 versui
1369 703 1447 740 313
1483 706 1592 739 ante-

87 775 184 825 poni
216 773 390 811 deberet.
440 772 515 810 Sed
550 776 687 810 contra
718 772 896 809 codicum
928 772 1208 808 auctoritatem
1239 783 1317 807 non
1350 771 1475 807 ausim
1507 784 1593 807 cum

87 842 273 892 Scioppio
297 845 337 879 et
359 841 420 878 Fl.
450 839 680 890 „pessume“
709 840 880 877 scribere
911 840 1030 889 idque
1063 839 1194 876 deleto
1225 852 1404 888 personae
1435 839 1593 876 nomine

88 924 176 948 cum
212 907 493 960 „pm-vigilan?
530 910 782 956 coniungere,
817 909 1037 958 praesertim
1062 921 1183 956 quum
1206 908 1390 957 proxima
1416 906 1594 959 expediri

88 981 299 1027 nequeant.
361 977 522 1014 Rectius
569 977 724 1026 antiqui
770 976 962 1013 editores:
1014 972 1262 1013 Pessmmmz.
1308 975 1371 1012 est
1412 973 1592 1025 facimus.

88 1046 329 1092 Mercurius,
362 1045 469 1095 quod
499 1058 627 1094 nuper
656 1048 921 1094 proposuerat
959 1044 1166 1081 consilium
1202 1044 1361 1080 tractim
1391 1043 1592 1091 tangendi,

88 1114 130 1151 id
151 1115 230 1151 iam
255 1114 369 1163 quasi
393 1114 509 1150 nimis
539 1112 740 1163 placidum
772 1112 972 1162 improbat
1001 1113 1296 1161 pessimumque
1328 1112 1480 1148 facinus
1512 1124 1594 1147 esse

91 1183 206 1229 dicit,
246 1183 279 1220 si
317 1182 405 1231 quis
443 1181 712 1218 adversarium
750 1178 963 1229 nequiter,
1004 1182 1029 1217 i.
1064 1194 1096 1216 e.
1129 1193 1208 1216 non
1239 1179 1415 1224 fortiter,
1457 1179 1593 1223 feriat,

89 1251 233 1288 malam
262 1250 363 1287 hanc
395 1262 477 1286 esse
508 1262 646 1286 manus
686 1249 946 1298 disciplinam.
1008 1247 1085 1285 Sed
1125 1247 1289 1285 offendit
1331 1242 1482 1284 nudam
1521 1260 1594 1295 pro

91 1320 247 1357 obiecto
277 1318 451 1368 positum
482 1317 594 1355 verbi
626 1317 813 1363 feriendi,
847 1330 967 1366 quum
1000 1317 1040 1352 in
1071 1320 1152 1352 tam
1185 1315 1360 1363 generali
1398 1316 1593 1352 sententia

90 1392 160 1426 aut
195 1387 348 1424 nullum
386 1386 584 1423 obiectum
621 1387 715 1435 poni
755 1385 897 1422 debeat
936 1388 1005 1421 aut
1042 1384 1189 1434 plurali
1222 1395 1382 1420 numero
1415 1380 1595 1428 (malas),

90 1469 228 1493 rursus
260 1455 459 1493 obiectum
489 1454 602 1492 verbi
632 1451 760 1492 discit
785 1453 1044 1490 desideratur.
1092 1451 1177 1488 Nisi
1201 1452 1328 1498 fallor,
1356 1452 1408 1488 sic
1432 1451 1596 1488 Plautus

90 1525 268 1573 scripsit:
314 1523 569 1569 „Pessumum
601 1526 660 1559 est
690 1521 860 1559 Facinus
899 1521 1084 1570 nequiter
1123 1520 1260 1566 ferire3
1298 1516 1458 1557 medaea
1496 1519 1597 1555 male

91 1592 210 1629 discit
246 1589 426 1638 manus“,
474 1596 519 1628 ut
564 1591 699 1628 mollia
744 1603 900 1626 manum
942 1589 1043 1626 male
1085 1589 1238 1625 discere
1276 1587 1394 1624 (licat.
1456 1586 1595 1623 Mollia

92 1665 222 1698 autem
244 1660 410 1697 Plautus
434 1672 539 1709 saepe
565 1658 702 1696 Graeco
726 1658 920 1695 vocabulo
952 1654 1145 1703 „malaca‘²
1176 1656 1282 1702 dicit,
1310 1670 1344 1692 v.
1362 1655 1502 1692 Bacch.
1525 1656 1594 1691 60:

97 1729 313 1776 „malacum
333 1725 540 1777 pallium“.
576 1728 676 1765 351:
707 1728 772 1773 „in
794 1726 988 1763 malaeum
1014 1722 1216 1762 modum“.
1251 1723 1336 1761 Cas.
1358 1724 1459 1760 785:
1491 1736 1599 1769 „cor-

91 1797 298 1846 pusculum
337 1793 613 1833 malaculum‘².
675 1795 761 1832 Mil.
797 1795 890 1832 669.
952 1793 1073 1831 Stich.
1109 1794 1202 1829 231.
1265 1792 1379 1828 Truc.
1415 1792 1508 1828 600.
1545 1810 1602 1815 —

95 1866 188 1903 312.
220 1861 322 1903 Alia
352 1863 501 1914 forma,
535 1866 697 1909 mutata,
731 1877 767 1900 v.
801 1863 967 1912 proxim.
1000 1874 1102 1897 vers.
1164 1860 1257 1897 Post
1289 1858 1426 1910 forma
1456 1859 1598 1896 hiatus.

93 1933 152 1970 Fl.
192 1936 365 1983 transp.:
418 1935 603 1981 „oportet
650 1929 776 1967 esse“.
839 1930 988 1967 Ritsch.
1033 1926 1235 1976 „formad‘⁵
1286 1928 1423 1974 scrib.,
1472 1926 1600 1963 Luchs

99 2001 253 2048 „forma
284 2013 327 2038 os
359 1998 483 2037 esse“.
515 2019 572 2024 —
594 2010 740 2049 pet-(sno
781 1995 932 2047 leyeris
971 1996 1083 2034 codd.
1118 1999 1316 2046 corrupte.
1380 1995 1482 2032 Olim
1515 2008 1600 2031 cor-

94 2073 263 2106 rectum:
301 2080 468 2117 „pugne,
502 2066 688 2113 laeseris“,
722 2068 762 2103 in
794 2080 872 2115 quo
904 2066 1014 2115 prius
1048 2066 1188 2114 utique
1219 2063 1479 2114 probandum,
1511 2076 1601 2099 nam

95 2136 262 2174 indicari
300 2139 478 2186 oportet,
521 2149 637 2186 quem
676 2135 898 2173 Mercurius
937 2133 1108 2170 secunda
1148 2146 1318 2182 persona
1359 2132 1599 2180 alloquatur,

95 2219 166 2242 nec
205 2203 366 2254 probari
403 2207 536 2253 potest
567 2203 829 2240 Fleckeisenii
877 2203 974 2239 coni.
1021 2203 1188 2250 „pugnis
1227 2199 1382 2237 iceris‘².
1445 2199 1521 2236 Sed
1562 2200 1601 2234 in

97 2269 248 2321 lcsjeris
291 2274 426 2322 potius
474 2269 662 2321 tetz'yerz's
702 2272 827 2308 latere
868 2270 1082 2307 arbitratus
1123 2283 1226 2315 sum,
1269 2268 1315 2305 cf.
1349 2280 1385 2303 V.
1421 2267 1513 2303 309.
1557 2286 1603 2290 —-

99 2342 191 2378 313.
229 2336 537 2389 „Interpolarffl
589 2340 644 2377 ait
683 2339 835 2377 Nouius
874 2352 911 2387 p.
948 2339 999 2375 34
1045 2341 1128 2383 „est
1166 2337 1364 2373 inmittere
1403 2338 1440 2371 et
1481 2335 1601 2371 inter-

98 2421 243 2458 ponere
276 2412 314 2445 et
346 2421 486 2445 novam
518 2408 683 2444 formam
709 2420 728 2444 e
752 2411 884 2443 vetere
910 2405 1083 2455 fingere.
1105 2435 1111 2441 .
1133 2435 1139 2441 .
1181 2403 1251 2441 Est
1279 2406 1409 2439 autem
1432 2405 1601 2439 tractum

99 2476 147 2514 ab
180 2480 265 2513 arte
295 2476 501 2522 fullonica,
535 2488 621 2524 quae
652 2474 841 2524 poliendo
873 2473 1086 2521 diligenter
1125 2476 1259 2509 vetera
1293 2483 1457 2520 quaeque
1489 2471 1601 2518 quasi

99 2545 137 2581 in
177 2557 319 2581 novam
358 2545 526 2593 speciem
562 2540 730 2579 mutat“.
792 2541 945 2578 Deinde
984 2541 1021 2577 h.
1056 2541 1079 2577 l.
1112 2540 1260 2577 laudat.
1323 2538 1402 2576 Sed
1440 2538 1603 2588 ponitur

100 2626 179 2649 non
209 2612 336 2649 solum
369 2612 417 2649 de
448 2612 707 2656 vestimentis,
740 2614 785 2647 ut
817 2609 894 2647 Cic.
927 2609 977 2646 ad
1009 2608 1052 2655 Q.
1086 2609 1133 2644 fr.
1167 2608 1215 2653 ΙΙ,
1254 2608 1301 2643 12
1328 2604 1429 2653 (10),
1466 2607 1500 2651 3,
1534 2605 1602 2641 sed

101 2681 221 2717 etiam
252 2681 292 2717 in
323 2680 471 2717 tabulis
501 2680 631 2727 pictis,
657 2682 701 2715 ut
725 2678 843 2714 Most.
872 2679 973 2714 257:
1011 2677 1149 2722 „Noua
1180 2677 1336 2725 pictura
1365 2674 1602 2723 interpolare

101 2749 162 2785 uis
193 2761 290 2797 opus
320 2745 660 2797 lepidissumum“.
721 2745 818 2782 Inde
859 2745 908 2782 ad
951 2745 1045 2781 alias
1078 2745 1329 2781 falsariorum
1362 2743 1602 2779 mutationes

101 2816 357 2862 transfertur,
399 2819 444 2852 ut
483 2814 560 2851 Cic.
594 2814 704 2851 Verr.
737 2813 774 2859 I,
818 2814 890 2859 61,
936 2814 1026 2850 158.
1089 2812 1190 2849 Plin.
1230 2811 1278 2847 H.
1312 2811 1358 2847 N.
1391 2810 1487 2856 XII,
1532 2812 1601 2847 50:

109 2883 400 2930 „Alexandriae,
441 2882 508 2919 ubi
547 2886 637 2919 tura
675 2880 1009 2931 inte1·pola11tur“.
1044 2900 1098 2904 —
1135 2881 1226 2917 314.
1260 2875 1519 2916 Esoxsatum
1559 2888 1603 2915 os
