1926 3275
825 277 1060 321 Amphitruo.
1614 281 1637 319 2
1644 281 1666 319 3
1675 281 1692 318 1

194 407 346 455 10111(1110
384 406 593 443 Fernando
625 406 746 443 Perez
778 406 978 456 Hispanus
1020 404 1231 452 (Cordubae
1267 403 1406 452 1585).
1469 405 1696 454 Sequuntur

193 475 351 512 maioris
391 475 561 512 nominis
600 477 747 523 poetae,
780 474 932 511 Rotrou
964 473 1119 520 Gallus,
1162 475 1228 523 qui
1267 474 1427 523 scripsit
1463 474 1561 521 „Les
1593 474 1695 512 deux

192 541 361 589 Sosies“,
401 543 586 588 Moliere,
628 543 736 579 cuius
775 542 1039 591 Amphitryon
1083 543 1203 590 vulgo
1249 545 1365 578 notus
1413 545 1492 588 est,
1532 541 1694 591 Dryden

190 611 342 658 Anglus
374 610 480 660 apud
511 623 600 647 31103
625 610 913 655 celeberrimus,
940 610 1070 647 Kleist
1095 610 1324 647 Germanus.
1367 609 1541 655 Quorum
1573 624 1693 660 quum

191 679 290 715 alius
322 679 428 715 aliud
461 679 574 728 quasi
607 692 654 715 ex
684 679 849 727 perenni
882 679 988 715 fonte
1020 678 1203 715 haustum
1235 679 1274 714 in
1307 691 1420 715 suum
1460 692 1572 715 usum
1604 692 1693 716 con-

190 748 376 793 verterit,
411 747 508 783 alius
540 746 616 783 alia
646 747 781 795 lingua.
812 746 1038 795 loquentem
1069 747 1235 796 aliisque
1269 746 1444 784 moribus
1484 746 1692 783 educatum

189 814 517 863 Amphitruonem
548 814 783 860 reddiderit,
819 827 952 851 omnes
982 818 1114 851 tamen
1139 814 1280 852 Plauto
1312 816 1520 852 inferiores
1551 814 1692 852 abiisse

188 883 389 919 videntur.

302 950 469 986 Nomina
508 964 768 1000 personarum
808 952 955 1000 partim
988 964 1035 987 ex
1069 951 1231 1000 antiqua
1261 952 1492 988 narratione
1523 951 1693 1000 repetita

189 1021 300 1064 sunt,
334 1019 479 1068 partim
512 1018 562 1055 ad
593 1019 795 1068 vulgarem
836 1018 1113 1055 comoediarum
1146 1032 1295 1056 morem
1326 1019 1505 1056 formata.
1568 1014 1692 1056 Sosia

187 1087 328 1123 servile
368 1099 509 1123 nomen
549 1090 608 1123 est
646 1100 725 1123 non
758 1087 1006 1135 infrequens3
1045 1082 1262 1135 Blepharo
1302 1086 1544 1134 gubernator
1580 1087 1691 1123 navis

187 1154 331 1191 dicitur
362 1168 383 1190 a.
415 1154 630 1202 spectando
666 1152 757 1201 (ἀπὸ
788 1156 850 1190 τοῦ
881 1152 1052 1202 βλέπειν),
1089 1151 1266 1192 Bromia
1297 1155 1451 1201 ancilla,
1486 1168 1571 1204 quae
1602 1168 1690 1191 cum

185 1223 359 1259 tumultu
392 1220 546 1270 (βρόμῳ)
582 1226 620 1259 et
651 1223 866 1259 eiulatione
899 1236 946 1260 ex
977 1223 1128 1260 aedibus
1153 1223 1233 1259 exit
1259 1220 1310 1269 (v.
1341 1220 1464 1270 1069)
1477 1221 1529 1269 *).
1576 1222 1691 1268 Quod

185 1286 547 1338 Amphitruonem,
580 1303 657 1327 non
689 1287 1039 1339 Amplec'z‘rgsouem
1070 1292 1318 1340 scripsimus,
1351 1291 1517 1328 fortasse
1548 1305 1689 1340 parum

185 1357 298 1394 nobis
337 1359 519 1395 constare
558 1358 800 1405 videbimur,
844 1361 911 1408 qui
948 1360 989 1395 in
1026 1359 1260 1408 praefatione
1302 1357 1356 1408 (p.
1394 1357 1489 1406 159)
1531 1372 1600 1396 nos
1640 1359 1686 1396 ad

183 1425 393 1474 Augusteae
439 1427 567 1463 aetatis
606 1439 765 1463 morem*
795 1427 979 1465 ordinata
1018 1427 1215 1464 scribendi
1252 1429 1405 1465 ratione
1443 1438 1470 1477 y
1509 1426 1688 1465 Graecum

184 1495 224 1530 in
255 1493 400 1530 Graecis
430 1494 633 1531 vocabulis
664 1496 835 1532 retinere
868 1495 1048 1533 diximus.
1111 1495 1192 1532 Nec
1222 1500 1490 1545 repugnarent
1521 1496 1686 1543 codices,

185 1574 350 1610 quorum
395 1562 457 1599 vel
502 1564 811 1610 vetustissimus,
852 1563 1062 1601 Vaticanus
1107 1564 1192 1610 ille,
1236 1578 1351 1613 quem
1389 1577 1511 1601 unum
1549 1564 1687 1601 ducem

183 1631 404 1679 sequimur,
446 1644 602 1680 semper
640 1634 709 1668 aut
738 1631 1055 1680 Amphitrionem
1097 1636 1166 1668 aut
1197 1632 1521 1682 Amphytrionem
1552 1633 1683 1670 habet.

182 1697 259 1734 Sed
304 1700 345 1734 in
393 1702 624 1747 argumento
666 1700 886 1736 acrosticho
927 1700 1164 1749 Amphitruo
1205 1704 1264 1737 est
1301 1712 1329 1737 u
1365 1714 1437 1750 pro
1475 1712 1502 1750 y
1540 1701 1683 1750 posito,

183 1766 288 1815 quod
319 1767 496 1815 quamvis
528 1768 778 1815 antiquitatis
803 1767 870 1804 ille
894 1771 1067 1805 sectator
1091 1769 1325 1805 necessitate
1351 1771 1508 1806 coactus
1533 1768 1682 1815 fecerit,

182 1834 274 1882 quia
311 1834 419 1871 nulla
458 1847 535 1871 vox
566 1834 707 1871 Latina
746 1835 793 1872 ab
832 1847 858 1884 2]
897 1836 1053 1885 incipit,
1092 1840 1223 1873 tamen
1261 1838 1302 1873 in
1340 1836 1411 1873 hac
1452 1836 1611 1886 quidem
1642 1850 1684 1873 re

182 1901 354 1938 dubitari
379 1903 445 1938 vix
469 1907 613 1951 potest,
649 1904 743 1952 quin
774 1905 898 1952 ipsius
922 1904 1054 1940 Plauti
1077 1917 1234 1941 manum
1266 1905 1497 1941 restituerit.
1544 1904 1684 1954 Itaque

182 1983 226 2005 03
257 1971 428 2006 nominis
458 1970 600 2017 forma,
636 1984 721 2020 quae
752 1973 829 2008 iam
862 1971 909 2008 ab
942 1971 1120 2009 omnibus
1157 1972 1374 2009 editoribus
1414 1986 1488 2010 usu
1525 1976 1684 2022 recepta

182 2041 250 2083 est,
279 2037 392 2075 nobis
425 2051 581 2087 quoque
613 2039 751 2076 saltem
784 2041 932 2089 recepti
964 2041 1083 2076 moris
1115 2040 1298 2076 servandi
1330 2054 1446 2077 031133
1476 2040 1684 2077 retinenda

181 2106 263 2141 visa
302 2109 373 2142 est.
434 2105 481 2142 In
520 2107 653 2155 priore
696 2111 948 2155 argumento,
996 2108 1064 2145 ubi
1112 2108 1194 2145 haec
1243 2109 1345 2145 ratio
1391 2110 1518 2145 minus
1563 2109 1680 2154 valet,

180 2183 207 2222 y
237 2173 478 2221 reliquimus.

295 2241 405 2279 Hanc
436 2242 609 2279 fabulam
641 2245 855 2292 separatim
887 2243 1095 2280 ediderunt
1127 2257 1212 2281 cum
1245 2245 1533 2281 commentariis
1561 2245 1681 2280 maxi-

179 2322 282 2346 mam
306 2314 459 2359 partem
487 2311 632 2347 criticis
650 2310 715 2348 Fr.
735 2311 1028 2348 Lindemannus
1050 2312 1155 2348 1834
1176 2316 1213 2349 et
1230 2312 1272 2349 F.
1294 2311 1338 2349 G.
1358 2312 1538 2349 Holtzius
1560 2313 1678 2348 1846.

213 2474 245 2517 *)
272 2474 377 2517 Quod
410 2475 449 2509 in
481 2475 558 2509 cod.
586 2475 614 2509 B
640 2475 786 2510 Βνοηία
824 2488 943 2511 scena}
983 2477 1285 2521 superscribitur,
1324 2476 1541 2511 manifestus
1579 2488 1682 2510 orror

272 2535 343 2573 est,
378 2543 464 2565 vera
495 2532 655 2566 nominis
688 2532 804 2566 forma
838 2537 939 2567 (extat
970 2546 1002 2567 v.
1034 2536 1128 2568 1093.
1179 2533 1444 2568 Gubernatoris
1477 2546 1612 2567 nomen
1644 2534 1680 2567 111

271 2587 377 2621 codd.
404 2588 561 2630 Blefaro
589 2589 775 2631 scribitur,
802 2601 868 2623 nos
895 2590 1077 2624 rationem
1103 2591 1220 2625 secuti
1247 2603 1382 2625 sumus.
