1926 3275
121 306 168 351 Π,
181 307 214 351 4,
227 307 365 342 75—87
784 306 966 340 Asinaria.
1549 310 1627 349 107

755 432 991 474 Leonida

1286 486 1379 529 Uae
1410 491 1474 529 te:

119 558 217 600 Tibi
247 559 421 614 quidem
452 559 722 614 supplicium,
755 559 972 611 carnufex,
1005 559 1057 601 de
1088 558 1225 611 nobis,
1259 559 1419 600 detur?

737 647 782 688 M
792 661 814 688 e
823 662 845 688 1·
856 661 877 688 c
888 650 940 688 at
951 660 974 687 o
985 661 1006 687 r

1320 702 1462 755 Atque
1495 702 1627 743 etiam

117 773 202 815 Pro
220 773 346 815 dictis
362 775 525 816 uostris
542 774 766 816 maledicis
783 788 948 828 poenae
966 775 1214 828 pendentur
1238 773 1343 815 mihi
1367 772 1530 826 hodie]
1557 779 1626 812 480

749 861 990 903 Leonida

119 916 243 969 Qujd,
273 917 493 959 uerbero‘?

736 989 1006 1030 Mercator

502 1060 586 1102 Ain
615 1064 676 1112 tu,
706 1060 916 1103 furcifer?

747 1147 987 1188 Leonida

925 1217 1061 1258 Erum
1091 1232 1158 1259 me
1188 1217 1374 1271 fugitare
1407 1219 1586 1260 censes?

115 1288 136 1329 I
165 1303 280 1330 nuno
309 1289 396 1330 iam
427 1289 483 1331 ad
514 1303 652 1341 erum,
687 1303 772 1343 quo
803 1303 956 1341 uocas,
988 1289 1077 1330 iam
1108 1290 1271 1331 dudum
1302 1303 1386 1342 quo
1425 1291 1619 1333 uolebas.

735 1360 1006 1402 Mercator

114 1432 240 1473 Nunc
278 1432 478 1473 demum?
524 1432 687 1474 Tamen
724 1446 961 1486 numquam
999 1432 1100 1473 hinc
1137 1431 1251 1474 feres
1290 1434 1459 1487 argenti
1497 1449 1619 1476 num-

1074 1518 1202 1556 mum,
1234 1505 1318 1546 nisi
1348 1519 1416 1547 me

114 1574 231 1616 Dare
261 1575 438 1616 iusserit
468 1575 772 1617 Demaenetus.

748 1646 986 1688 Leonida

800 1718 870 1759 Ita
899 1717 1053 1769 facit03
1087 1732 1166 1771 age
1199 1719 1374 1760 ambula
1406 1734 1520 1774 ergo.

113 1790 177 1831 Tu
209 1788 515 1832 contumeliam
547 1790 677 1830 alteri
706 1789 854 1841 facias,
887 1790 969 1831 tibi
999 1804 1086 1832 non
1118 1790 1321 1831 dicatur‘.>
1551 1792 1618 1825 485

113 1861 219 1902 Tam
250 1874 328 1914 ego
360 1861 488 1902 homo
521 1875 614 1902 sum
645 1876 775 1915 quam
801 1866 861 1902 tu.

730 1933 1000 1974 Mercator

868 2005 1045 2047 Scilicet
1074 2006 1137 2046 ita
1166 2019 1235 2046 res
1268 2009 1345 2046 est.

745 2076 983 2118 Leonida

1164 2148 1354 2201 Sequere
1385 2148 1467 2189 hac
1499 2163 1613 2202 ergo.

110 2216 363 2258 Praefiscini
392 2217 475 2259 hoc
505 2232 619 2259 nunc
651 2219 851 2271 dixerim3
881 2234 1009 2261 nemo
1042 2221 1175 2261 etiam
1205 2235 1273 2261 1116
1306 2221 1532 2261 accusauit

109 2288 266 2330 Merito
297 2303 406 2340 meo,
436 2304 576 2344 neque
608 2305 676 2332 me
708 2291 819 2332 alter
850 2285 916 2332 est
945 2291 1124 2333 Athenis
1156 2292 1286 2333 hodie
1318 2292 1558 2346 quisquam,

111 2360 223 2410 Quoi
254 2360 372 2401 credi
402 2365 521 2402 recte
554 2375 693 2416 aeque
724 2367 890 2416 putent.

728 2434 1000 2475 Mercator

905 2505 1140 2556 F01·tassis;
1173 2505 1249 2546 sed
1280 2508 1427 2546 tamen
1459 2519 1526 2546 me

108 2574 355 2628 Numquam
398 2573 528 2615 hodie
573 2574 753 2617 induces
798 2581 846 2617 ut
889 2577 970 2618 tibi
1017 2576 1191 2617 credam
1244 2577 1326 2618 hoc
1383 2580 1611 2630 argentum

1067 2648 1228 2700 ignoto.
1545 2649 1613 2681 490

197 2814 266 2847 480
289 2813 496 2848 maledictis
589 2816 655 2849 481
682 2826 784 2849 erum
808 2819 956 2850 nosmet
1043 2817 1110 2850 482
1132 2816 1176 2850 Ei
1264 2818 1332 2851 487
1357 2816 1543 2851 Perficisei
1569 2817 1608 2850 ni

107 2869 174 2903 488
198 2869 355 2905 Athenis
379 2871 476 2904 alter
501 2872 557 2904 est
