1926 3275
281 344 332 380 320
966 332 1085 366 Plauti
1504 328 1532 371 I,
1551 330 1579 367 1,
1597 328 1778 362 186—195

953 458 1103 500 Sosia

283 536 394 586 Quid
425 535 467 576 id
501 534 689 587 exquiris
720 537 779 581 tu„
812 532 884 586 qui
917 531 1068 584 pugnis
1101 544 1146 570 os
1180 542 1352 570 exossas
1383 519 1659 569 hominibus?

884 602 1182 644 Mercurius

286 681 444 722 Seruos
469 692 565 719 esne
599 692 653 718 an
685 676 825 717 liber?

958 745 1109 787 Sosia

846 818 1121 871 thuomque
1155 816 1296 856 animo
1331 814 1643 856 eonlubitumst
1673 828 1782 855 meo.

888 889 1184 930 Mercurius

287 953 366 993 Ain
399 951 533 992 uero‘?

963 1018 1114 1059 Sosia

560 1093 638 1134 Aio
672 1092 903 1133 enimuero.

891 1162 1185 1202 Mercurius

934 1233 1140 1275 Uerbero.

964 1306 1116 1347 Sosia

1164 1375 1357 1417 Mentiris
1389 1388 1514 1416 nunc.
1723 1375 1791 1407 340

894 1445 1190 1491 Mercurius

292 1529 348 1569 At
378 1528 464 1568 iam
494 1525 653 1566 faciam
684 1528 731 1564 ut
762 1537 913 1564 uerum
947 1522 1065 1562 dieas
1098 1521 1253 1561 dicere.

966 1594 992 1634 S
1005 1608 1028 1634 O
1041 1594 1117 1634 sia

1274 1648 1385 1698 Quid
1417 1653 1510 1689 eost
1541 1649 1678 1702 opus?

896 1722 1193 1764 Mercurius

294 1799 471 1839 Possum
503 1799 624 1848 scire,
659 1811 742 1850 quo
776 1796 1006 1850 profectus,
1038 1794 1191 1847 quoius
1223 1794 1278 1833 sis
1310 1797 1385 1834 aut
1417 1792 1519 1846 quid
1549 1791 1751 1833 ueneris?

969 1866 1120 1907 Sosia

297 1942 391 1982 Huc
423 1956 485 1987 eo,
519 1941 579 1982 eri
611 1955 704 1981 sum
735 1954 893 1980 seruos.
942 1936 1161 1990 Numquid
1192 1949 1306 1976 nunc
1339 1950 1382 1976 es
1416 1936 1604 1977 cert-ior?

899 2009 1196 2051 Mercurius

300 2085 389 2136 Ego
422 2084 501 2124 tibi
531 2084 657 2124 istam
686 2083 826 2129 hodie,
860 2081 1052 2127 sceleste,
1086 2080 1354 2133 eonprimam
1384 2078 1588 2131 linguam.

973 2154 999 2193 S
1012 2168 1034 2193 ο
1047 2166 1064 2192 s
1075 2152 1088 2192 i
1099 2165 1125 2191 a

1492 2206 1621 2247 Haud
1652 2210 1795 2260 potes3

300 2270 416 2310 Bene
449 2268 689 2321 pudiceque
721 2267 987 2308 adseruatur.

900 2336 1192 2379 Mercurius

1025 2408 1179 2459 Pergin
1211 2406 1483 2458 argutarier‘?
1731 2405 1797 2439 345

303 2483 412 2533 Quid
445 2483 560 2536 apud
592 2483 719 2523 hasce
752 2482 870 2522 aedis
904 2481 1047 2533 negoti
1080 2484 1146 2520 est
1177 2478 1285 2519 tibi?

974 2551 1000 2592 S
1012 2566 1034 2592 ο
1046 2566 1064 2590 s
1076 2551 1087 2590 i
1099 2564 1124 2590 a

1302 2605 1436 2646 Immo
1471 2604 1573 2658 quid
1604 2604 1755 2645 tibist?

903 2678 1195 2720 Mercurius

325 2755 394 2795 {ex
428 2754 535 2793 Creo
568 2752 718 2804 uigiles
750 2756 984 2792 nocturnos
1017 2748 1205 2800 singulos
1238 2762 1406 2801 semper
1437 2748 1567 2788 locat.

395 2908 458 2939 339
485 2904 666 2938 Seruusne
760 2907 824 2938 343
851 2916 946 2937 nune
972 2903 1059 2946 quid
1086 2913 1181 2936 nune
