1926 3275
816 320 858 354 V.
885 321 1076 354 373—403.
1617 321 1699 360 275

193 453 387 500 praeterea
430 450 547 487 Most.
569 451 647 487 762
681 454 720 487 et
744 449 830 487 Mil.
861 450 990 487 1030:
1028 446 1204 496 ‚,voco‘?“
1253 447 1360 485 Poen.
1383 448 1510 485 1228:
1549 447 1699 496 „Pergo

195 519 313 554 etiam
343 522 501 555 tentare
513 516 556 553 ‘?“
585 538 639 543 —
666 519 759 555 388.
789 517 969 555 Ridicule
992 517 1214 554 Mercurius
1244 529 1316 566 per
1347 529 1388 552 se
1420 516 1548 565 ipsum
1579 515 1698 561 iurat,

194 586 331 636 idque,
379 586 411 622 si
455 586 586 632 fallat,
633 586 781 623 malum
821 588 953 635 optat,
998 584 1103 634 quod
1141 584 1256 622 alteri
1297 584 1390 631 erit3
1429 583 1477 620 cf.
1513 583 1606 620 92¹7.
1646 602 1702 606 -

197 655 289 691 391.
322 651 471 704 foedus
505 651 559 691 isi
590 653 683 691 Otto
716 654 895 700 coniecit,
930 653 1144 701 eleganter,
1178 652 1247 688 sed
1279 665 1396 700 quam
1421 664 1524 697 vere,
1555 651 1699 687 nescio.

194 742 249 746 —
283 723 376 760 392.
414 719 525 771 quod
546 721 696 758 Camer.
731 735 802 758 em.
835 722 997 759 iubente
1028 722 1222 758 sermonis
1252 733 1338 766 usu,
1372 732 1443 756 nec
1472 719 1701 768 infrequens

193 789 449 827 librariorum
490 803 600 827 error
639 793 718 836 est,
759 793 805 826 ut
844 786 947 838 quid
979 802 1052 838 pro
1087 785 1199 837 quod
1227 787 1421 834 scribant,
1454 787 1563 824 velut
1597 787 1701 823 infra

193 871 228 895 v.
264 859 344 895 495
382 858 513 907 „quod
543 856 663 894 facis“
700 859 739 894 in
771 857 802 894 B
833 858 943 906 prius
975 856 1051 893 fuit
1092 854 1254 905 „quid“,
1298 855 1441 892 deinde
1481 858 1701 892 correctum

199 925 371 975 „quod“,
413 925 459 963 cf.
492 927 601 962 Asin.
640 927 730 962 145.
785 925 890 962 Men.
926 925 1026 962 981:
1072 924 1274 974 „Supplici
1313 911 1388 961 sibi
1427 926 1556 960 sumat
1595 922 1702 971 quod

193 993 302 1031 110113κ
341 991 480 1040 (Codd.
516 991 647 1042 quid).
679 1013 737 1018 ——-
769 994 862 1030 394.
896 990 1042 1040 uiuos,
1079 994 1103 1029 i.
1137 1006 1168 1029 e.
1203 992 1392 1041 quamdiu
1429 992 1549 1037 vivis,
1589 1004 1700 1028 num—

195 1076 311 1112 quam
343 1064 383 1100 in
414 1065 500 1099 vita
530 1065 618 1108 tua,
663 1060 826 1107 efficies,
867 1074 915 1098 ne
955 1073 1026 1110 ego
1066 1059 1181 1097 Sosia
1220 1061 1306 1096 sim.
1368 1059 1424 1096 Cf.
1457 1059 1562 1096 Men.
1599 1060 1700 1095 242:

199 1131 336 1178 „uiuos
368 1143 581 1179 numquam
614 1130 803 1166 desistam
827 1128 1011 1179 exequi“.
1037 1149 1094 1153 ——
1117 1125 1238 1166 hodie
1261 1140 1363 1177 saepe
1389 1127 1565 1164 abundat
1596 1126 1702 1176 apud

194 1209 433 1247 numquam,
466 1211 681 1247 numquam
715 1199 884 1244 omnino,
919 1196 965 1234 cf.
1000 1197 1094 1234 422.
1134 1197 1245 1234 Asin.
1281 1196 1374 1232 623.
1410 1195 1488 1232 667
1523 1209 1580 1244 sq.
1613 1194 1700 1231 Mil.

197 1268 290 1304 216.
338 1266 440 1303 Rud.
477 1267 570 1303 612.
608 1267 728 1303 1016.
761 1285 818 1290 —
850 1266 942 1302 395.
977 1261 1194 1311 al‘z'fflwbis,
1228 1264 1398 1301 alienum
1429 1263 1561 1309 facies,
1595 1262 1702 1311 quod

193 1336 427 1386 plerumque
472 1334 700 1371 venditione
745 1333 802 1370 fit.
842 1353 899 1357 —
936 1333 1097 1379 nOSter,
1137 1333 1162 1369 i.
1197 1346 1228 1369 e.
1271 1346 1318 1369 ex
1359 1335 1493 1368 nostra
1539 1331 1700 1377 familia,

194 1405 306 1442 Asin.
342 1404 405 1440 57.
441 1403 534 1440 384.
568 1402 653 1439 Mil.
687 1403 781 1439 433.
816 1403 911 1439 435.
942 1421 999 1426 —-
1033 1401 1124 1438 396.
1157 1397 1291 1447 nobis,
1324 1400 1372 1437 cf.
1409 1400 1501 1436 381.
1527 1419 1581 1423 —
1606 1398 1702 1435 Post

194 1482 258 1510 me
280 1471 423 1517 hiatus,
447 1470 600 1507 Ritsch.
627 1468 722 1508 med
744 1471 876 1517 scrib„
901 1469 961 1506 Fl.
987 1466 1250 1518 qzcz'sqzcamst
1274 1464 1398 1506 alins.
1416 1487 1474 1491 —
1492 1468 1584 1504 397.
1604 1466 1698 1503 Ver-

196 1553 282 1577 sum
312 1539 463 1589 triplici
493 1538 608 1575 hiatu
638 1538 898 1585 laborantem,
930 1541 1023 1588 post
1057 1547 1159 1583 omn,
1188 1540 1281 1586 post
1304 1546 1400 1583 mm,
1426 1539 1517 1585 post
1540 1533 1701 1572 ineram

197 1606 268 1655 (sic
293 1609 396 1645 enim
420 1605 590 1655 scribit),
616 1606 789 1657 Spengel
813 1606 942 1643 Plaut.
969 1619 1006 1655 p.
1031 1606 1107 1642 178
1134 1604 1331 1650 defendit,
1363 1603 1597 1640 Fleckeisen
1628 1616 1701 1652 pro

195 1677 330 1726 spurio
363 1675 494 1712 habet.
543 1674 617 1721 Qui
649 1674 839 1712 audacter
866 1675 1066 1722 corrigere
1092 1673 1198 1719 velit,
1227 1686 1301 1723 pro
1332 1670 1501 1718 ‚,ie1·am“
1532 1670 1702 1707 scribere

194 1747 318 1794 possit
361 1743 586 1793 „profectus
627 1741 773 1779 eram“.
806 1763 863 1766 —
896 1743 988 1780 399.
1029 1738 1208 1788 „malum
1240 1740 1287 1777 ab
1320 1739 1550 1789 indignante
1582 1741 1701 1776 inter-

194 1810 349 1849 iicitur“
387 1811 581 1849 Schmied.
614 1831 671 1836 ——
700 1821 793 1849 sum
824 1821 896 1860 eyo
927 1809 1160 1858 tribrachyn
1192 1809 1297 1855 facit,
1325 1812 1369 1845 ut
1394 1809 1474 1845 420
1502 1803 1591 1845 Iam
1617 1816 1701 1855 esso.

193 1901 250 1905 —
283 1881 378 1918 400.
412 1876 488 1918 leae
517 1879 662 1926 noctu,
702 1879 749 1916 ef.
785 1880 878 1916 268.
911 1899 967 1902 —
997 1875 1075 1915 leuc·
1106 1877 1196 1915 add.
1230 1876 1410 1926 Pylades.
1443 1895 1498 1899 ——
1534 1870 1702 1921 „Persi-

136 1980 140 1985 .
197 1959 288 1987 cum
312 1946 510 1997 portum“
546 1948 677 1997 inquit
709 1947 850 1984 Festus
882 1960 919 1996 p.
949 1947 1027 1983 217
1054 1946 1107 1983 M.
1161 1946 1347 1992 „Plautus
1380 1957 1465 1981 cum
1498 1944 1562 1989 ait,
1596 1956 1702 1979 mare

195 2016 417 2054 Euboicum
448 2015 608 2053 videtur
639 2014 874 2063 significare,
902 2014 1007 2064 quod
1032 2015 1071 2050 in
1096 2027 1140 2051 eo
1166 2014 1297 2050 classis
1321 2012 1529 2049 Persarum
1558 2011 1703 2047 dicitur

195 2086 355 2122 stetisse
388 2096 465 2120 non
497 2083 636 2133 procul
662 2097 684 2120 a
700 2080 886 2120 Thebis‘².
930 2081 1006 2119 Sed
1031 2082 1093 2119 hic
1117 2095 1194 2119 non
1218 2080 1462 2131 significatur
1478 2079 1702 2116 Thebarum

195 2155 355 2202 portus,
390 2165 506 2201 quem
538 2151 612 2188 sibi
643 2151 758 2188 finxit
789 2155 908 2200 poeta
940 2164 976 2187 v.
1015 2151 1112 2196 162,
1146 2149 1214 2187 sed
1247 2149 1347 2185 alius
1381 2148 1558 2198 quidam,
1599 2147 1703 2184 unde

196 2219 334 2257 eadem
366 2223 482 2257 nocte
515 2220 565 2256 ad
597 2219 709 2256 illum
733 2218 957 2255 Thebarum
988 2222 1149 2268 portum
1182 2219 1375 2263 venerint,
1408 2230 1443 2252 v.
1471 2217 1565 2253 408.
1601 2217 1702 2262 8163

196 2293 255 2325 est
286 2292 415 2325 autem
447 2288 510 2324 hic
537 2301 694 2337 quoque
718 2301 739 2323 a
764 2286 904 2323 Plauto
928 2286 1180 2336 geographiae
1206 2298 1275 2321 nec
1300 2297 1424 2332 gnaro
1450 2297 1519 2321 nec
1546 2284 1702 2321 curioso

195 2355 321 2394 fictus.
354 2376 411 2380 —
442 2356 536 2393 402.
571 2355 664 2392 Cod.
700 2355 729 2391 B
761 2366 874 2392 ‘mma‘
904 2351 1006 2400 isto,
1041 2367 1159 2403 supra
1191 2355 1358 2402 scripto:
1399 2352 1472 2398 „aL
1508 2352 1569 2388 hic
1600 2350 1700 2397 sto⁴‘‚

196 2424 301 2474 quod
344 2423 432 2461 edd.
473 2426 706 2469 tenuerunt,
748 2422 816 2459 sed
855 2435 989 2459 versus
1031 2421 1183 2470 syllaba
1222 2421 1377 2469 longior
1409 2419 1472 2467 fit;
1504 2424 1608 2456 recte
1640 2419 1700 2455 Fl.

197 2493 273 2530 sto.
299 2512 356 2516 —
379 2488 483 2528 milei
509 2491 573 2528 est
597 2489 722 2536 codd.,
755 2487 857 2527 mist
887 2489 1238 2539 pronuntiandum.
1264 2509 1318 2512 —
1344 2489 1438 2525 403.
1465 2487 1541 2524 Pro
1566 2498 1703 2525 nome&

197 2559 368 2598 Gronov.
398 2558 513 2596 Both.
542 2558 600 2594 Fl.
641 2556 767 2604 „non“
804 2557 886 2603 ed.;
921 2557 988 2594 sed
1022 2557 1159 2594 eodem
1192 2560 1276 2594 iure
1307 2555 1580 2604 interrogandi
1611 2568 1700 2604 par-

196 2627 319 2665 ticula
361 2627 485 2663 deleri
525 2627 658 2676 potuit
697 2639 732 2662 v.
771 2626 861 2662 163.
896 2626 990 2663 400.
1026 2627 1119 2662 401.
1155 2625 1256 2670 4023
1298 2625 1389 2660 item
1421 2624 1501 2659 448
1536 2626 1575 2659 et
1607 2623 1699 2659 619.

196 2694 362 2731 Videtur
380 2694 540 2731 Plautus
566 2693 666 2730 hanc
689 2693 854 2730 formam
889 2697 980 2730 ante
1012 2693 1186 2730 vocalem
1218 2692 1455 2742 praetulisse.
1504 2691 1701 2741 Spengelii

197 2775 448 2812 programma
472 2761 520 2798 de
546 2761 618 2798 hac
645 2775 685 2797 re
713 2761 859 2798 editum
884 2761 1038 2798 Monac.
1070 2757 1212 2808 18⁶⁶le⁷
1239 2774 1318 2797 non
1343 2762 1444 2797 novi.
1471 2780 1527 2784 —
1549 2758 1701 2796 Deinde

198 2843 334 2867 versus
365 2843 484 2866 causa
515 2833 583 2865 aut
613 2825 731 2866 homo
763 2833 832 2866 aut
863 2826 982 2866 modo
1011 2828 1238 2875 delendum,
1271 2828 1344 2866 hoc
1369 2828 1485 2864 Both.
1515 2832 1554 2864 et
1576 2841 1699 2876 seqq,

198 2911 269 2935 nos
300 2898 399 2935 illud
430 2897 570 2934 tollere
602 2897 822 2934 maluimus.
855 2916 912 2921 —-
943 2898 1036 2934 404.
1071 2892 1175 2933 ‘milei
1207 2896 1295 2932 add.
1318 2895 1426 2933 Pius.
1462 2915 1512 2919 -—-
1546 2896 1626 2932 407
1660 2897 1700 2931 in

1363 2970 1424 3004 18*
