1926 3275
260 327 341 366 228
889 319 1126 363 Amphitruo.

261 452 387 489 amori
426 450 708 499 impedimento
750 449 819 494 sit,
862 447 1107 484 ludificatum
1146 446 1474 494 verberatumque
1524 445 1570 481 ab
1610 445 1758 482 aedibus

260 520 393 569 abigit.
456 518 599 556 Servus
633 518 711 553 iam
743 529 866 566 prope
897 517 982 565 ipse
1014 515 1061 551 de
1094 528 1133 551 se
1165 514 1350 550 dubitans
1382 512 1431 550 ad
1461 513 1598 550 herum
1629 526 1758 550 rever-

258 589 368 634 titur,
403 600 424 623 a
455 598 531 635 quo
564 585 674 633 quasi
705 584 857 620 fabulas
889 595 1052 620 narrans
1092 583 1341 619 vehementer
1370 582 1608 630 increpatur.
1669 580 1759 630 Ipse

260 659 389 692 autem
419 653 654 703 Amphitryo
700 664 860 688 uxorem
908 654 999 700 post
1037 653 1191 687 tantum
1233 653 1388 698 tempus
1428 649 1541 685 laetus
1586 649 1759 685 revisens

260 736 422 772 eamque
452 723 518 767 iis,
560 719 701 769 quibus
741 719 921 764 decebat,
963 718 1093 755 verbis
1126 718 1300 755 salutans
1338 718 1454 764 longe
1487 716 1602 753 aliter
1635 716 1683 753 ab
1716 729 1762 753 ea

260 791 471 839 accipitur,
505 789 651 837 quippe
683 800 768 835 quae
801 800 840 824 se
872 787 920 823 ab
952 799 1007 835 eo,
1041 800 1157 835 quem
1197 799 1324 836 nuper
1363 785 1590 822 discessisse
1628 787 1759 833 putat,

259 857 432 895 ludibrio
463 857 599 893 haberi
633 858 801 891 censeat.
854 854 950 891 Inde
983 855 1157 891 convicio
1190 858 1276 891 orto
1308 854 1474 890 maritus
1505 852 1620 889 uxori
1651 846 1761 888 adul-

258 928 402 963 terium
434 924 665 973 exprobrat,
706 924 790 972 ipse
825 923 925 968 abit,
957 926 1002 958 ut
1032 923 1208 959 homines
1244 924 1416 970 quaerat,
1451 933 1617 969 quorum
1648 921 1762 957 testi-

260 994 389 1030 monio
420 992 562 1042 probet
592 1005 631 1027 se
662 991 850 1039 proxima,
872 994 983 1027 nocte
1001 990 1143 1027 Thebis
1175 1003 1252 1027 11011
1283 989 1415 1026 fuisse.
1462 989 1628 1025 Interim
1659 987 1763 1024 redit

260 1062 441 1111 Iuppiter
464 1072 673 1109 personam
697 1058 994 1108 Amphitryonis
1025 1071 1164 1107 gerens
1187 1056 1420 1105 blandisque
1443 1055 1573 1093 verbis
1599 1069 1762 1093 uxorem

262 1132 428 1178 propter
465 1126 676 1164 maledicta
714 1126 844 1171 mariti
882 1126 1026 1162 iratam
1064 1126 1195 1174 placat
1234 1138 1319 1162 cum
1359 1137 1481 1173 eaque
1519 1125 1558 1160 in
1596 1124 1763 1172 gratiam

263 1196 388 1242 redit,
428 1195 665 1243 Amphitryo
706 1198 834 1230 autem
877 1207 899 1230 a
934 1195 1044 1240 navi,
1086 1193 1153 1230 ubi
1190 1197 1308 1230 testes
1348 1192 1496 1229 frustra
1542 1193 1762 1241 quaesierat,

264 1276 444 1300 reversus
476 1263 634 1300 domum
667 1262 837 1298 clausam
868 1263 1019 1298 invenit
1052 1266 1091 1298 et
1124 1275 1146 1298 a
1169 1261 1380 1307 Mercurio,
1414 1274 1529 1309 quem
1554 1273 1626 1309 pro
1653 1259 1765 1296 Sosia

264 1331 399 1377 habet,
433 1332 656 1380 importune
689 1333 727 1366 et
757 1332 942 1378 proterve
979 1329 1162 1378 abigitur.
1193 1349 1251 1354 —
1280 1328 1381 1365 Hinc
1411 1341 1504 1378 pars
1535 1340 1613 1364 non
1642 1340 1766 1376 parva

264 1399 406 1435 fabulae
430 1398 596 1434 interiit.
636 1397 815 1446 Apparet
846 1397 983 1434 turbas
1007 1401 1140 1435 auctas
1167 1410 1248 1434 esse
1271 1397 1338 1443 ita,
1364 1399 1420 1442 ut,
1448 1409 1567 1444 quum
1585 1395 1766 1444 Iuppiter

266 1468 348 1516 ipse
380 1467 420 1502 in
451 1478 606 1503 scenam
637 1465 856 1514 prodisset,
890 1469 978 1501 uter
1016 1478 1130 1502 verus
1170 1467 1273 1501 esset
1302 1464 1557 1513 Amphitryo,
1590 1463 1765 1500 homines

267 1534 523 1581 ambigerent.
544 1553 598 1558 —
619 1533 795 1569 Tandem
827 1536 1035 1582 postquam
1059 1532 1249 1569 Alcmena
1279 1533 1455 1580 geminos
1486 1532 1654 1581 peperit,
1686 1543 1766 1567 11011

268 1602 427 1638 Tiresiae
457 1602 622 1648 monitu,
657 1600 726 1637 sed
757 1601 879 1649 ipsius
903 1601 1006 1637 Iovis
1037 1601 1195 1637 numine
1228 1600 1437 1637 manifesto
1470 1602 1509 1636 et
1539 1612 1634 1637 voce
1663 1599 1764 1645 viva,

268 1670 363 1718 quid
394 1669 539 1706 factum
571 1670 633 1715 sit,
666 1668 902 1718 Amphitryo
937 1670 1139 1717 comperit.

381 1737 511 1774 Plauti
541 1737 778 1786 Amphitruo
825 1750 871 1772 ex
917 1749 993 1786 quo
1033 1736 1168 1773 Graeco
1213 1738 1331 1785 poeta
1368 1735 1509 1772 Latine
1549 1747 1662 1771 versa
1701 1734 1763 1780 sit,

268 1807 486 1853 ignoratur.
547 1805 645 1841 Nam
690 1809 734 1840 ut
780 1817 843 1841 eos
888 1806 1136 1850 omittamus,
1184 1804 1251 1853 qui
1289 1804 1371 1840 sine
1409 1803 1492 1839 ulla
1530 1802 1680 1839 ratione
1718 1800 1766 1837 de

268 1873 505 1923 Epicharmo
539 1873 780 1920 cogitarunt,
823 1873 1006 1921 quoniam
1038 1873 1249 1909 Rhintonis
1281 1870 1515 1919 Syracusani
1546 1869 1766 1918 Ἀμφιτρύων

271 1940 375 1990 apud
407 1941 638 1977 Athenaeum
669 1939 727 1976 ΠΙ
757 1953 794 1988 p.
829 1941 906 1976 411
943 1953 973 1977 0.
1006 1939 1201 1985 laudatur,
1235 1939 1403 1985 fuerunt,
1439 1938 1505 1986 qui
1535 1937 1626 1974 inde
1657 1936 1765 1973 fabu-

270 2009 346 2045 lam
377 2008 476 2044 hanc
508 2008 717 2044 deductam
749 2011 938 2057 putarent
969 2011 1008 2043 et
1039 2006 1087 2044 ad
1118 2005 1448 2053 hilarotragoediae
1487 2017 1609 2053 genus
1644 2003 1766 2040 refer-

270 2079 371 2112 rent.
419 2075 530 2121 Quod
560 2088 681 2124 genus
714 2076 893 2124 quamvis
923 2088 1061 2124 parum
1088 2077 1224 2111 notum
1250 2074 1312 2120 sit,
1338 2086 1409 2109 nec
1424 2072 1637 2109 Laurentio
1655 2070 1766 2120 Lydo

271 2143 348 2180 levi
381 2144 530 2180 auctori
561 2146 716 2179 tantum
747 2143 921 2179 tribuere
958 2143 1093 2189 ausim,
1126 2145 1170 2178 ut
1202 2144 1269 2178 aut
1297 2144 1428 2178 totum
1460 2143 1528 2177 aut
1559 2140 1768 2176 maximam

271 2215 423 2260 partem
447 2211 683 2247 hexametris
708 2210 897 2260 scriptum
929 2211 1046 2246 fuisse
1077 2212 1223 2259 putem,
1256 2211 1389 2245 tamen
1419 2208 1514 2244 mihi
1546 2220 1701 2257 quoque
1724 2209 1768 2243 ut

273 2278 431 2316 Osanno
455 2276 629 2325 („Ucber
653 2278 728 2314 den
744 2278 981 2326 Amphitruo
1008 2278 1075 2314 des
1093 2275 1278 2314 Plautus“
1307 2278 1346 2313 in
1369 2277 1506 2313 Museo
1525 2275 1713 2312 Rhenano
1730 2274 1768 2311 II

275 2343 419 2393 (1834)
438 2360 476 2395 p.
491 2347 568 2383 305
588 2343 691 2395 sqq.)
713 2360 734 2382 a
751 2345 937 2383 comoedia
954 2345 1152 2382 diversum
1169 2345 1287 2382 fuisse
1305 2345 1473 2382 videtur.
1496 2343 1550 2382 Ut
1566 2343 1616 2380 ad
1631 2355 1766 2380 verum

274 2413 468 2450 comoediae
499 2426 622 2463 genus
652 2416 910 2460 transeamus,
943 2415 1112 2463 primum
1131 2413 1358 2450 Casaubono
1390 2412 1439 2449 ad
1463 2411 1695 2448 Athenaeum
1711 2410 1767 2446 III

273 2494 311 2530 p.
342 2482 418 2518 110
445 2481 480 2517 11.
519 2480 722 2526 „Platonis
747 2481 833 2518 Nox
865 2480 1002 2531 longa⁸⁴
1040 2482 1247 2519 videbatur
1286 2494 1387 2527 „non
1419 2479 1618 2517 dissimilis
1649 2478 1767 2516 fuisse

274 2551 504 2596 argumento
535 2548 815 2598 Amphitruoni
847 2548 1027 2596 Plauti“;
1067 2550 1108 2586 id
1147 2549 1253 2598 quod
1292 2562 1363 2585 nec
1401 2561 1447 2584 ex
1485 2547 1569 2584 solo
1610 2547 1767 2584 nomine

274 2628 345 2652 nec
376 2628 422 2651 ex
452 2618 606 2664 paucis,
641 2630 726 2665 quae
759 2620 905 2663 extant,
938 2618 1170 2664 fragmentis
1201 2616 1360 2665 probari
1391 2618 1536 2665 potest.
1583 2614 1664 2651 Alii
1693 2614 1767 2650 Ar-

275 2682 461 2731 chippum
502 2687 701 2721 auctorem
741 2684 858 2721 fuisse
890 2687 1098 2733 putarunt,
1132 2687 1172 2720 et
1202 2685 1330 2733 ipsum
1369 2684 1541 2731 antiquae
1573 2681 1768 2718 comoediae

276 2751 526 2799 scriptorem,
575 2764 689 2799 quem
721 2750 778 2788 Ol.
812 2752 898 2789 XCI
938 2753 1145 2789 victoriam
1183 2755 1408 2800 reportasse
1448 2749 1587 2787 Suidas
1632 2749 1767 2786 tradit.

278 2816 402 2853 Huius
432 2819 650 2865 Ἀμφιτρύων
692 2821 809 2866 atque
841 2820 958 2855 etiam
989 2820 1208 2867 ,Ἀμφιτρύων
1239 2820 1398 2867 δεύτερος
1428 2817 1634 2863 laudatur,
1666 2816 1768 2864 frag-

276 2889 408 2921 menta
445 2885 605 2932 collegit
636 2885 816 2921 Meinckc
848 2886 903 2931 II,
937 2899 974 2934 p.
1010 2887 1102 2922 715.
1169 2887 1255 2922 llaec
1295 2900 1382 2923 cum
1413 2885 1598 2922 Plautina
1637 2883 1770 2920 fabula
