1926 3275
283 281 362 319 144
889 275 1168 319 Prolegomena.

281 409 320 444 et
369 408 462 456 post
512 405 720 455 Epidicum
772 403 935 442 MACCI
985 403 1182 442 PLAUTI
1233 403 1475 443 EPIDICUS
1522 403 1782 442 EXPLICIT.

282 473 503 524 Geppertus
535 473 694 523 quidem
722 476 894 522 utroque
924 472 1012 509 loco
1043 472 1099 509 M.
1131 471 1226 509 Acci
1256 471 1365 521 legit,
1398 471 1430 509 T
1460 472 1572 519 illud,
1607 472 1716 522 quod
1745 472 1786 509 in

280 543 415 592 priore
445 542 528 578 loco
560 541 828 590 antepositum
869 543 948 586 est,
982 553 1030 576 ex
1061 539 1247 577 coronide
1281 537 1322 587 (i.
1356 552 1388 576 e.
1421 540 1534 588 signo
1565 537 1785 588 terminali)

280 609 381 646 male
411 609 611 645 intellecta
641 611 771 645 ortum
802 610 991 654 statuens,
1024 621 1060 644 V.
1093 607 1362 644 Plautinische
1393 606 1562 644 Studien
1591 607 1628 655 I,
1660 621 1699 657 p.
1736 608 1783 645 11

282 690 367 726 sqq.
401 676 448 714 cf.
481 676 537 722 II,
569 675 754 712 Vorwort
783 688 822 724 p.
855 667 921 712 IV.
982 674 1106 712 Nobis
1151 675 1219 724 qui
1265 674 1371 712 solus
1417 675 1520 712 clare
1559 678 1600 712 et
1639 675 1787 712 diserte

280 745 397 781 testis
439 744 594 780 locutus
632 745 692 779 est
730 755 808 779 non
853 746 1003 779 temere
1049 742 1296 792 spernendus
1340 742 1522 790 videtur,
1567 743 1787 793 praesertim

283 825 404 861 quum
432 812 474 848 in
506 810 658 847 duobus
691 823 739 846 ex
768 810 944 859 prologis
974 811 1043 857 iis,
1084 811 1151 860 qui
1188 810 1298 848 brevi
1337 814 1428 860 post
1462 813 1590 860 poetae
1620 814 1787 848 mortem

282 879 427 916 fabulis
466 879 549 916 eius
588 877 716 914 additi
754 877 957 925 videntur,
991 878 1167 915 eiusdem
1196 879 1366 915 nominis
1398 880 1432 915 si
1462 891 1541 915 non
1572 882 1680 916 certa
1710 891 1787 915 me-

281 948 425 993 moria,
466 949 508 982 at
543 946 713 993 vestigia
751 945 965 982 admodum
1002 946 1226 995 probabilia
1263 949 1420 983 servata
1456 947 1548 984 sint.
1608 946 1708 984 Nam
1746 948 1789 984 in

282 1014 506 1051 Mercatore
545 1026 580 1049 v.
616 1014 638 1049 9
672 1026 730 1062 sq.
777 1012 858 1050 haec
897 1015 1008 1050 sunt:
1061 1012 1220 1060 „Graece
1264 1014 1347 1051 haec
1391 1017 1559 1052 uocatur
1595 1013 1788 1064 Emporos

283 1082 537 1127 Philemonis,
568 1080 718 1117 Eadem
749 1080 893 1117 Latine
923 1080 1124 1118 Mercator
1146 1080 1351 1128 Mactiti“;
1385 1083 1439 1119 sic
1468 1081 1521 1129 B;
1552 1081 1710 1119 Mattici
1740 1081 1788 1129 C;

284 1149 345 1186 ed.
391 1162 451 1198 pr.
497 1148 699 1195 Martici3-
731 1148 826 1185 Pius
877 1148 1027 1195 „Marci
1071 1147 1198 1185 Attii“
1250 1149 1501 1196 emendabat,
1547 1149 1789 1187 Ritschelius

285 1217 441 1254 demum
467 1213 608 1254 Macci
634 1212 735 1263 Tetti,
766 1220 848 1253 tam
878 1215 956 1252 leni
987 1217 1218 1263 mutatione,
1251 1220 1296 1253 ut
1328 1217 1376 1254 de
1406 1218 1575 1255 veritate
1606 1217 1789 1255 dubitare

283 1285 351 1321 vix
394 1284 523 1321 liceat.
584 1284 631 1320 In
660 1284 847 1320 Asinaria
884 1286 1015 1321 autem
1052 1297 1089 1321 v.
1127 1286 1197 1331 11,
1237 1285 1306 1322 ubi
1338 1284 1458 1322 Codd.
1504 1285 1788 1336 „Demophilus

284 1352 463 1401 scripsit,
509 1352 669 1389 Maccus
714 1352 842 1389 uortit
886 1351 1095 1399 barbare“,
1143 1354 1367 1402 superiores
1414 1353 1587 1391 editores
1631 1355 1790 1392 Marcus

285 1420 536 1469 scripserant,
572 1419 691 1469 quod,
726 1421 819 1469 quia
848 1421 1046 1457 innumeri
1076 1421 1116 1457 in
1147 1421 1310 1458 civitate
1340 1421 1518 1458 Romana
1547 1421 1676 1459 Marci
1705 1422 1790 1460 fue-

284 1491 399 1534 runt,
438 1487 534 1524 ferri
572 1500 650 1524 non
681 1489 832 1537 potuit,
872 1492 964 1538 post
994 1488 1252 1525 Ritschelium
1282 1485 1474 1527 Maccius
1504 1489 1691 1527 scribitur
1721 1493 1791 1528 aut

285 1551 474 1602 Illuciam,
508 1554 617 1604 quod
646 1556 710 1593 Vel
739 1556 829 1592 ideo
859 1556 1047 1605 praeferO,
1082 1557 1175 1606 quia
1204 1556 1336 1594 Plauti
1374 1559 1492 1593 aetate
1529 1560 1790 1596 consonantes

287 1623 479 1671 geminari
508 1636 589 1660 non
619 1623 809 1660 solebant.
859 1623 1037 1661 Eandem
1067 1624 1237 1661 nominis
1268 1625 1433 1661 somnam
1465 1638 1512 1661 ex
1541 1625 1660 1662 titulo
1692 1639 1790 1676 quo-

286 1690 375 1727 dam
407 1690 612 1738 Perusino,
644 1690 712 1728 ubi
744 1694 804 1728 est
833 1691 877 1728 P.
903 1691 1054 1728 Macius
1078 1692 1204 1729 Verus
1237 1691 1398 1741 quidam
1427 1690 1610 1742 filiusque
1639 1692 1682 1730 P.
1707 1693 1791 1731 Ma-

287 1759 370 1795 cius
399 1758 552 1805 Iustus,
586 1759 723 1795 attulit
753 1759 1012 1806 Ritschelius,
1044 1759 1203 1809 Parerg.
1235 1773 1274 1809 p.
1310 1760 1374 1796 38.
1436 1760 1603 1797 Mattios
1635 1773 1792 1810 quoque

287 1829 355 1862 aut
384 1826 534 1863 Matios
571 1827 604 1863 si
643 1827 731 1875 quis
768 1826 925 1864 eosdem
958 1840 1041 1864 esse
1073 1827 1199 1874 dicat,
1231 1840 1304 1864 nec
1333 1827 1592 1864 Ritschelium
1628 1841 1702 1865 nec
1730 1841 1792 1865 me

287 1897 573 1942 repugnantem
603 1893 776 1931 habebit.
837 1894 987 1931 Teneat
1017 1895 1139 1944 igitur
1168 1894 1334 1931 Plautus
1365 1908 1509 1931 nomen
1538 1895 1652 1943 illud,
1686 1895 1793 1945 quod

289 1964 328 1997 et
358 1958 640 2011 palimpsestus
670 1961 957 2000 Ambrosianus
990 1966 1029 1999 et
1059 1962 1179 1998 Plinii
1211 1962 1363 2000 codices
1396 1963 1431 1999 ei
1461 1963 1654 2000 tribuunt.

1006 2215 1074 2268 Π.

394 2329 451 2378 De
491 2329 617 2378 Plauti
657 2330 867 2379 comoediis
906 2331 1074 2393 antiquo
1112 2335 1302 2392 'tempore
1341 2332 1445 2380 actis
1484 2336 1528 2380 et
1565 2331 1696 2381 lectis.

404 2502 587 2539 Plautum
618 2502 748 2540 Ennio
788 2503 992 2553 aliquanto
1032 2505 1240 2552 maiorem,
1272 2504 1408 2542 Naevio
1439 2505 1629 2542 minorem
1659 2504 1790 2552 fuisse,

289 2582 499 2619 senemque
537 2574 738 2608 mortuum
779 2584 862 2608 esse
894 2571 1044 2608 Catone
1083 2585 1259 2618 censore,
1299 2572 1325 2608 i.
1359 2585 1391 2608 e.
1424 2585 1457 2608 a.
1491 2572 1580 2610 Chr.
1620 2586 1657 2610 n.
1698 2573 1789 2619 184,

291 2636 469 2674 Ciceroni
508 2638 703 2675 credimus
746 2637 874 2685 (Brut.
912 2639 980 2686 15,
1015 2640 1079 2676 60,
1123 2639 1206 2676 Cat.
1238 2642 1328 2677 mai.
1365 2640 1434 2686 14,
1477 2637 1560 2687 50).
1623 2639 1792 2677 Sarsinae

292 2705 331 2740 in
362 2704 528 2742 Umbria
565 2708 701 2742 natum
739 2706 999 2744 histrionibus
1040 2707 1210 2745 adfuisse
1250 2712 1290 2745 et
1318 2709 1445 2746 Varro
1485 2711 1525 2744 et
1561 2707 1628 2744 alii
1665 2707 1791 2744 tradi-

293 2772 453 2818 derant,
494 2786 613 2821 quum
651 2774 691 2810 in
730 2775 859 2824 operis
900 2772 1092 2812 artificum
1133 2776 1375 2813 scenicorum
1421 2774 1572 2824 aliquid
1616 2775 1792 2824 pecuniae

292 2840 529 2889 peperisset,
568 2844 797 2878 mcrcaturae
836 2841 1054 2889 studuisse,
1094 2842 1162 2879 sed
1192 2843 1361 2892 perditis
1394 2843 1594 2889 omnibus,
1633 2843 1792 2892 inopem
