1926 3275
781 333 823 368 V.
850 334 1041 368 501-514.
1580 337 1660 377 399

165 465 369 512 Pietatem,
401 464 617 502 maiuscula
646 464 785 502 littera
814 463 1012 514 scriptam,
1045 476 1118 513 pro
1148 463 1310 512 pietatis
1341 463 1414 500 dea
1444 464 1659 513 accipiunt3

165 534 284 570 immo
306 530 505 581 pietatem
529 529 654 581 piare
693 536 753 570 est
789 533 979 582 pietatem
1017 534 1224 581 praestare,
1263 532 1371 580 pium
1403 545 1496 569 esse.
1529 553 1584 557 —
1616 533 1660 569 In

165 614 250 639 voc.
291 600 492 639 moratam
528 614 606 638 non
643 603 724 638 tam
763 601 1006 638 accusativus
1045 599 1224 646 offendit,
1272 613 1361 637 nam
1407 599 1655 649 „postulare“

167 669 431 707 accusativum
463 682 547 706 cum
572 668 768 706 infinitivo
793 668 868 705 sibi
893 667 1107 705 adsciscere
1129 667 1300 705 vidimus
1324 668 1373 705 ad
1395 668 1537 719 Amph.
1566 670 1658 715 357,

168 751 284 787 quam
316 737 499 774 omissum
529 747 614 785 me,
648 736 752 786 quod
783 737 915 774 nescio
949 750 998 773 an
1028 737 1069 772 in
1099 737 1280 786 proximo
1312 749 1427 773 versu
1458 749 1529 785 pro
1560 733 1662 773 mihi

166 806 351 843 substitui
385 805 538 842 debeat.
566 825 621 829 —
655 806 747 843 505.
771 804 843 842 His
867 804 997 842 verbis
1021 804 1148 841 lenam
1175 805 1223 842 ad
1247 819 1282 842 v.
1312 805 1472 842 502—3
1499 817 1659 854 respon-

167 874 270 921 dere,
303 875 359 910 ita
381 877 426 910 ut
450 887 484 909 v.
517 873 595 916 504
627 873 826 922 interponi
858 886 935 910 non
966 873 1101 923 possit,
1134 873 1329 910 intellexit
1353 873 1427 919 F1.,
1461 873 1527 922 qui
1558 872 1660 909 hunc

166 955 321 979 versum
359 941 417 978 illi
454 943 702 991 postposuit,
742 942 801 977 ita
838 944 883 978 ut
911 941 1029 977 verba
1068 940 1193 987 „Quid
1225 939 1332 978 est‘?“
1368 941 1557 978 Philaenio
1588 942 1660 977 tri—

164 1010 314 1047 bueret.
346 1009 459 1055 Mihi,
486 1009 518 1046 si
541 1008 860 1059 transponendus
883 1012 941 1045 est
967 1022 1001 1045 v.
1025 1010 1116 1055 504,
1142 1009 1273 1059 aptior
1292 1009 1399 1046 locus
1415 1013 1506 1058 post
1525 1023 1558 1046 v.
1582 1010 1656 1046 501

165 1078 341 1125 videtur,
381 1077 449 1114 sed
487 1077 541 1113 ibi
580 1090 737 1127 quoque
776 1078 833 1114 ita
870 1075 1089 1125 superfluus
1129 1080 1208 1123 est,
1244 1080 1288 1113 ut
1320 1078 1453 1127 potius
1486 1078 1661 1126 spurium

167 1159 356 1184 censeam.
389 1165 444 1169 —
473 1142 618 1184 mat-ris
649 1142 852 1193 inperium
883 1144 1014 1191 codd,
1047 1145 1218 1182 numeris
1257 1145 1383 1191 duris,
1426 1145 1582 1194 dactylo
1622 1148 1662 1182 et

166 1217 377 1265 anapaesto.
409 1213 468 1249 Fl.
493 1217 666 1263 transp.:
698 1213 917 1263 „inperium
943 1211 1120 1250 inatris“.
1159 1213 1372 1262 Imperium
1403 1210 1544 1260 minui,
1576 1215 1600 1250 i.
1628 1227 1658 1250 e.

166 1283 331 1331 negligi,
365 1282 509 1319 dicitur
539 1286 583 1318 ut
613 1282 808 1319 maiestas.
839 1301 896 1306 —
929 1282 1020 1319 506.
1056 1291 1159 1330 (setae
1190 1281 1294 1319 recte
1324 1279 1509 1331 faciunt,
1539 1282 1660 1318 inter-

166 1354 298 1401 pretes
330 1350 549 1388 subiectum
575 1349 739 1387 audiunt
773 1347 1022 1400 „parentes“.
1072 1349 1113 1387 Si
1138 1363 1221 1388 voc.
1255 1348 1386 1398 „quae“
1417 1351 1661 1387 accusativus

166 1421 231 1466 sit,
256 1419 389 1456 malim
409 1419 598 1468 accipere,
626 1419 738 1467 quasi
762 1419 832 1454 sit:
863 1430 971 1467 „quae
990 1422 1095 1455 recte
1111 1417 1234 1455 fiunt“
1265 1416 1459 1464 (nostrum
1489 1415 1660 1464 „man“),

166 1487 235 1524 sed
265 1487 361 1523 mihi
392 1488 660 1525 nominativus
690 1486 849 1523 videtur
879 1485 1012 1523 audito
1051 1484 1179 1533 „eas“,
1212 1487 1235 1523 i.
1270 1500 1300 1523 e.
1333 1485 1445 1531 filias,
1480 1486 1527 1523 cf.
1559 1487 1661 1522 infra

170 1556 247 1592 523
282 1559 321 1592 et
353 1554 402 1591 ad
432 1555 574 1605 Amph.
611 1556 674 1593 38.

285 1624 377 1661 507.
410 1623 541 1660 Mater
571 1622 660 1660 filiae
693 1627 731 1660 et
763 1623 1015 1660 dicacitatem
1054 1622 1189 1659 obiicit
1229 1626 1266 1658 et
1307 1635 1496 1668 amorem,
1537 1636 1659 1659 mere-

165 1692 304 1728 tricem
336 1692 439 1729 enim
471 1705 517 1729 ex
549 1694 677 1729 animo
709 1705 839 1728 amare
864 1705 942 1729 non
967 1690 1128 1736 debere,
1162 1691 1206 1727 cf.
1234 1704 1268 1726 v.
1297 1692 1388 1727 522.
1438 1691 1661 1740 Respondet

165 1759 246 1796 filia
277 1773 362 1796 eam
394 1773 476 1797 esse
506 1760 623 1797 huius
662 1763 834 1809 quaestus
872 1763 1073 1804 naturam,
1114 1762 1175 1804 ut,
1217 1771 1334 1807 quum
1371 1759 1504 1806 lingua
1535 1760 1658 1808 impu-

167 1827 308 1865 denter
338 1832 474 1878 poscat
509 1832 546 1865 et
579 1841 718 1878 corpus
751 1831 919 1878 quaerat,
953 1828 1123 1873 animus,
1156 1840 1197 1863 re
1228 1827 1315 1875 ipsa
1346 1830 1540 1872 monente,
1574 1840 1658 1875 quae

165 1897 273 1943 velit,
307 1897 515 1946 eloquatur
539 1900 587 1943 et,
616 1909 701 1946 quae
727 1899 848 1946 optet,
875 1896 1061 1946 proferat.
1094 1894 1171 1931 Pro
1197 1895 1289 1932 orat
1303 1893 1505 1931 Acidalius
1528 1908 1565 1944 p.
1595 1896 1657 1941 52,

167 1965 342 2015 quamvis
388 1965 545 2001 minime
591 1978 746 2002 necesse
794 1977 875 2001 esse
916 1965 1126 2009 fateretur,
1166 1966 1296 1999 tamen
1329 1963 1505 1999 malebat
1543 1962 1660 1999 scribi

171 2031 369 2080 „hortat“,
404 2046 568 2082 eumque
600 2032 716 2070 Both.
749 2032 808 2069 Fl.
843 2034 967 2069 secuti
999 2035 1108 2077 sunt,
1144 2034 1182 2068 et
1212 2031 1335 2067 forma
1373 2030 1550 2068 inaudita
1590 2045 1660 2067 nec

167 2102 364 2153 sententia
401 2105 505 2151 apta.
550 2121 598 2125 —
644 2102 735 2138 510.
779 2097 823 2138 id
859 2101 1037 2150 neglecta
1078 2100 1275 2149 positione
1320 2099 1438 2136 breve
1485 2103 1563 2145 est,
1612 2100 1658 2136 cf.

165 2170 323 2207 Muller.
356 2182 394 2219 p.
424 2170 516 2206 327.
542 2189 596 2193 ——
630 2170 721 2205 512.
754 2164 925 2218 Ecqua,
956 2168 1027 2205 hoc
1061 2169 1216 2217 egregie
1247 2167 1305 2204 Fl.
1339 2168 1461 2205 latere
1492 2168 1589 2204 vidit
1622 2169 1659 2204 in

167 2241 355 2288 corrupta
385 2237 530 2275 codicis
555 2237 586 2274 Β
612 2237 807 2287 scriptura
839 2236 944 2286 „Ego
976 2234 1065 2282 ua“,
1100 2237 1160 2273 cui
1194 2238 1311 2273 ceteri
1343 2235 1495 2272 librarii
1532 2235 1660 2283 „Ergo

166 2304 267 2343 una“
303 2305 614 2351 substituerunt,
648 2304 766 2341 verba
797 2305 880 2342 sine
911 2317 1037 2341 sensu.
1095 2303 1194 2340 Num
1227 2317 1411 2353 unquam,
1446 2305 1513 2350 ait,
1545 2303 1660 2339 hodie

166 2374 263 2412 mihi
288 2374 398 2424 loqui
422 2372 582 2411 licebit?
615 2370 664 2410 (Ie
688 2370 755 2410 (lie
779 2372 914 2410 Lamb.
942 2385 1024 2409 esse
1049 2372 1105 2408 ait
1135 2371 1207 2417 „ab
1231 2372 1345 2409 initio
1371 2370 1495 2418 diei“;
1527 2372 1660 2421 potius

167 2446 285 2489 „ante
330 2455 507 2480 occasum
556 2439 690 2487 solis“‚
738 2440 784 2477 ef.
832 2440 932 2478 infra
974 2441 1066 2477 818.
1106 2460 1160 2464 ——
1203 2441 1294 2477 513.
1334 2439 1430 2477 Post
1470 2436 1662 2489 loquendi

167 2510 300 2548 hiatus
340 2513 381 2548 in
420 2522 579 2548 caesura.
641 2508 787 2545 Mffller
817 2522 855 2558 p.
892 2510 940 2545 59
980 2511 1041 2554 „et
1073 2511 1200 2544 autem
1231 2505 1362 2545 tuam“
1398 2507 1659 2557 proponebat.

165 2598 222 2603 —
254 2579 345 2616 514.
382 2578 425 2615 tu
456 2576 511 2624 ut,
545 2590 623 2614 non
659 2575 808 2623 „tute“‚
841 2579 886 2613 ut
916 2575 1041 2622 codd,
1075 2580 1180 2612 recte
1203 2575 1353 2613 Nonius
1380 2589 1416 2625 p.
1450 2576 1539 2621 151,
1573 2588 1660 2611 nam

166 2647 387 2684 necessario
412 2645 627 2694 requiritur
659 2645 738 2691 „ita
762 2643 844 2682 ut“.
895 2640 1155 2682 Porti-&culus
1187 2647 1245 2681 est
1276 2644 1436 2693 pertica,
1471 2656 1543 2692 qua
1572 2643 1660 2679 hcr-

165 2717 272 2751 tator
302 2713 494 2761 remigum
532 2713 612 2750 sive
650 2713 856 2762 pausarius
889 2710 925 2759 (ὅ
957 2709 1156 2759 κελευστὴς)
1190 2715 1317 2749 motus
1358 2724 1488 2748 eorum
1527 2711 1660 2748 mode-

166 2785 290 2819 ratur.
350 2781 438 2818 Vid.
470 2780 576 2818 Fest.
608 2794 646 2830 p.
681 2781 761 2817 234
793 2779 838 2817 b:
877 2779 1146 2826 „Portisculus
1179 2784 1254 2826 est,
1287 2784 1331 2816 ut
1363 2779 1501 2817 scribit
1532 2779 1661 2816 AElius

167 2849 280 2896 Stilo,
307 2851 374 2898 qui
398 2849 437 2885 in
461 2851 582 2898 portu
615 2845 705 2894 (hoc
728 2861 893 2898 pravum
918 2846 992 2895 est)
1017 2848 1174 2886 modum
1199 2848 1265 2885 dat
1290 2848 1414 2885 classi.
1458 2847 1502 2883 Id
1529 2851 1658 2884 autem

167 2920 226 2954 est
255 2917 440 2963 malleus,
481 2917 590 2954 cuius
626 2917 803 2954 meminit
833 2915 929 2954 Cato
968 2917 1005 2953 in
1046 2915 1285 2954 dissuasione
1323 2915 1369 2952 (le
1402 2928 1491 2964 rege
1522 2914 1657 2952 Attalo
