1926 3275
755 326 1036 370 Prolegomena.
1569 330 1590 368 1
1598 329 1651 369 77

138 458 365 497 trochaicos
395 470 551 504 versus,
586 470 704 507 quum
738 457 833 494 olim
862 457 1092 496 institutum
1124 457 1248 502 esset,
1280 458 1325 492 ut
1355 454 1501 492 alterni
1530 455 1652 505 pedes

139 524 204 575 (in
232 526 411 564 iambicis
441 525 593 576 primus
625 528 663 562 et
693 526 848 572 tertius,
879 525 922 562 in
946 524 1159 562 trochaicis
1183 522 1377 560 secundus
1405 526 1445 560 et
1467 522 1650 573 quartus)

140 595 264 632 etiam
294 593 461 644 spondei
492 606 575 630 esse
604 597 789 643 possent,
822 606 901 630 non
931 593 1073 630 iambis
1107 594 1176 630 aut
1213 591 1396 629 trochaeis
1435 591 1505 629 sed
1542 591 1652 642 dipo-

144 662 222 699 diis
250 662 432 699 iambicis
463 665 532 699 aut
561 661 774 699 trochaicis
813 661 1103 707 metiebantur,
1135 660 1422 709 trimetrosque
1454 659 1652 707 dicebant,

140 731 215 782 qui
245 743 324 778 sex,
357 733 624 777 tetrametrOS,
659 730 727 779 qui
757 733 845 766 octo
875 729 998 779 pedes
1034 728 1247 774 habebant,
1279 740 1409 777 neque
1439 728 1501 766 his
1530 729 1654 767 versi-

143 799 218 836 bus
247 801 311 836 tot
339 799 440 835 ictus
472 797 629 844 dabant,
663 800 760 846 quot
790 797 912 847 pedes
944 800 1068 844 erant,
1101 796 1171 834 sed
1195 799 1293 846 quot
1317 796 1502 845 dipodiae.
1548 797 1654 835 Ictus

141 871 278 905 autem
307 879 490 904 numeros
522 866 750 912 comitatur,
783 877 862 902 non
894 864 1008 912 facit,
1048 877 1120 902 nec
1157 877 1230 915 per
1267 865 1390 902 ictum
1428 868 1497 902 aut
1533 864 1656 913 longa

147 935 301 984 syllaba
329 935 490 983 longior
521 937 590 971 aut
618 933 751 971 brevis
781 934 912 970 minus
943 933 1074 970 brevis
1103 932 1162 970 fit.
1223 932 1316 969 Alia
1355 933 1459 969 enim
1489 945 1551 970 res
1584 936 1654 979 est,

144 1003 253 1054 quod
283 1002 484 1041 interdum
516 1001 624 1052 apud
653 1001 873 1039 Homerum
904 1000 1059 1051 syllaba
1089 1001 1221 1038 brevis
1258 1001 1300 1037 in
1337 1001 1536 1050 principio
1567 1001 1655 1038 dac-

147 1072 222 1121 tyli
245 1071 377 1121 posita
399 1069 649 1120 producitur,
676 1069 792 1118 quale
815 1068 1003 1107 mendum
1025 1068 1259 1118 plerumque
1283 1067 1421 1105 addita
1443 1070 1655 1118 positionis

145 1141 187 1177 vi
216 1138 464 1176 tolerabilius
494 1137 581 1175 fieri
610 1137 788 1184 videtur,
821 1140 891 1175 aut
922 1136 1031 1187 quod
1061 1136 1167 1185 apud
1189 1136 1408 1185 Vergilium
1440 1135 1584 1184 Georg.
1619 1138 1654 1183 3,

145 1208 229 1245 243
271 1209 331 1244 est
376 1205 569 1257 „pecudes
607 1205 805 1256 pictaeque
851 1202 1075 1242 volucres“.
1135 1204 1234 1241 Loci
1278 1205 1336 1251 vi,
1385 1205 1454 1254 qui
1497 1205 1656 1254 longam

148 1274 341 1323 syllabam
370 1274 569 1325 postulat,
601 1273 733 1311 brevis
763 1273 1016 1323 producitur,
1051 1276 1092 1309 et
1120 1272 1316 1322 producta
1345 1272 1468 1309 ictum
1499 1274 1656 1323 accipit,

147 1355 228 1380 non
256 1342 339 1380 ictu
369 1342 624 1392 producitur;
658 1341 928 1402 Quintilianus
960 1343 1110 1386 autem,
1145 1341 1212 1389 qui
1245 1337 1299 1387 (I,
1335 1341 1378 1388 5,
1413 1337 1484 1388 28)
1517 1341 1558 1378 in
1588 1341 1656 1378 illo

148 1410 316 1459 Vergilii
345 1423 464 1448 versu
493 1410 610 1451 metri
641 1409 871 1447 condicione
903 1411 1108 1446 accentum
1131 1409 1279 1445 mutari
1311 1409 1368 1445 ait
1398 1408 1657 1459 volucresque

150 1478 280 1516 media
310 1481 426 1516 acuta
455 1478 666 1528 legendum
705 1490 808 1524 esse,
840 1477 882 1514 id
913 1490 1033 1514 unum
1066 1476 1180 1524 dicit,
1212 1476 1410 1526 producta
1439 1477 1659 1527 penultima

149 1544 258 1584 rocis
293 1544 520 1592 „volucres“
556 1550 759 1584 accentum
791 1545 879 1583 loco
909 1545 1080 1591 moveri,
1112 1544 1230 1581 metri
1268 1547 1472 1581 accentum
1504 1544 1658 1582 nullum

146 1614 348 1664 agnoscit,
381 1614 530 1665 quippe
561 1614 669 1663 quod
699 1616 830 1651 totum
862 1626 910 1650 ex
941 1612 1164 1662 quantitate
1195 1611 1439 1661 syllabarum
1469 1612 1657 1662 pendeat.

153 1682 319 1729 Errant,
367 1683 435 1732 qui
480 1685 624 1732 putant
671 1680 840 1719 eundem
884 1679 1026 1730 pedem
1073 1683 1144 1717 aut
1197 1679 1366 1717 eundem
1421 1680 1658 1729 syllabarum

150 1762 377 1796 numerum,
418 1749 451 1786 si
490 1749 606 1787 aliter
642 1752 813 1800 ponatur
851 1749 971 1795 ictus,
1015 1747 1132 1785 aliter
1176 1748 1516 1797 pronuntiandum
1562 1760 1656 1794 esse,

153 1818 262 1855 velut
290 1817 523 1867 tribrachyn
556 1817 673 1855 aliam
705 1830 809 1864 esse,
842 1817 875 1855 si
905 1815 1088 1863 trochaei,
1121 1815 1258 1862 aliam,
1300 1816 1334 1852 si
1371 1816 1492 1853 iambi
1528 1816 1659 1854 locum

155 1886 312 1936 expleat
345 1883 393 1933 (φ
412 1913 442 1925 v
459 1914 490 1925 ν
515 1888 556 1922 et
578 1915 609 1926 ψ
627 1902 658 1926 φ
676 1882 740 1932 ν),
767 1888 836 1923 aut
861 1884 1038 1933 dactylos
1062 1883 1255 1933 quosdam
1279 1884 1538 1933 anapaesticos
1563 1896 1657 1929 esse,

154 1956 376 2003 anapaestos
407 1953 621 2002 dactylicos
655 1951 763 2001 (-φ
781 1983 812 1994 ψ
839 1956 879 1990 et
905 1968 935 1992 φ
953 1950 1082 2000 υ-);
1114 1965 1197 1999 nec,
1229 1952 1263 1989 si
1294 1951 1344 1989 ad
1373 1964 1508 1989 veram
1537 1951 1659 1988 ratio-

155 2035 243 2060 nem
273 2035 337 2059 res
369 2022 559 2069 exigitur,
592 2022 742 2058 maiore
773 2022 880 2059 vocis
911 2021 1132 2058 intentione
1162 2019 1461 2070 pronuntianda
1492 2023 1553 2057 est
1583 2020 1660 2069 syl-

153 2090 244 2128 laba
274 2089 346 2127 sub
376 2090 497 2126 ictum
529 2088 670 2126 cadens
701 2102 819 2138 quam
852 2092 1004 2126 ceterae.
1052 2088 1138 2126 Hoc
1168 2088 1311 2125 vitium
1341 2087 1538 2125 tironibus
1569 2101 1661 2125 con-

152 2157 341 2204 cedimus,
374 2157 575 2205 elegantes
607 2157 855 2194 eruditorum
887 2169 999 2194 aures
1025 2158 1230 2206 respuunt.
1277 2154 1477 2193 Extremis
1504 2155 1661 2193 demum

155 2225 406 2275 antiquitatis
443 2225 595 2262 saeculis
633 2226 690 2263 sic
726 2225 947 2272 faciebant,
996 2238 1074 2274 quo
1120 2228 1299 2273 tempore
1342 2227 1498 2261 mutata
1538 2224 1661 2261 totius

153 2293 297 2343 linguae
315 2293 471 2330 ratione
488 2293 529 2329 in
551 2292 713 2330 vocibus
736 2293 1046 2342 pronuntiandis
1070 2305 1150 2329 non
1174 2290 1464 2341 longitudinem
1490 2278 1677 2341 8571Ιαῦἢῖ

155 2374 243 2399 rum
265 2359 334 2398 sed
358 2364 540 2398 accentus
564 2360 845 2409 sequebantur.
879 2360 1019 2410 Itaque
1035 2359 1261 2398 Priscianus
1288 2358 1355 2407 (II,
1379 2373 1419 2409 p.
1440 2361 1516 2397 521
1536 2358 1660 2407 Keil.)

156 2433 196 2466 ct
225 2428 447 2466 Martianus
475 2427 635 2477 Capella
669 2425 752 2475 (IX,
785 2441 823 2477 p.
854 2426 967 2475 974),
1002 2430 1141 2465 contra
1172 2441 1290 2478 quam
1322 2428 1496 2465 fecerant
1526 2440 1661 2464 omnes

155 2497 393 2547 superiores,
426 2493 545 2533 arsin
575 2497 890 2545 interpretantur
922 2496 1029 2533 vocis
1060 2495 1333 2542 elevationem,
1371 2492 1508 2533 thesin
1539 2494 1661 2544 depo·

157 2565 360 2611 sitionem,
401 2564 587 2613 arsinque
626 2563 857 2613 intelligunt
903 2560 1125 2612 graviorem
1154 2563 1278 2613 pedis
1317 2566 1490 2613 partem,
1529 2563 1661 2600 thesin

154 2632 357 2669 leviorem.
418 2631 529 2669 Hanc
567 2631 724 2669 dicendi
762 2632 953 2669 rationem
984 2631 1189 2669 Bentleius
1230 2635 1388 2669 secutus
1428 2634 1489 2668 est
1518 2631 1660 2668 vitium

154 2699 316 2736 subesse
356 2712 434 2736 non
473 2699 706 2749 suspicatus.
769 2698 888 2737 Cuius
927 2699 1126 2749 ingenium
1172 2700 1256 2737 iure
1301 2699 1521 2737 admiratus
1560 2698 1658 2736 God.

156 2766 424 2815 Hermannus,
465 2780 584 2817 quum
624 2780 798 2805 errorem
837 2767 1202 2814 animadvertisset,
1242 2770 1377 2804 tamen
1411 2780 1438 2805 a
1472 2767 1660 2814 magistro

158 2826 359 2872 discedere
390 2835 517 2872 noluit
550 2832 691 2882 (Elem.
725 2834 848 2872 doctr.
881 2839 995 2872 metr.
1029 2849 1066 2886 p.
1104 2832 1186 2882 11),
1220 2836 1420 2885 ceterique
1452 2835 1490 2871 in
1521 2833 1660 2871 eodem

158 2903 327 2951 vestigio
358 2906 608 2940 manserunt:
640 2916 783 2953 prave,
815 2916 899 2941 meo
932 2903 1091 2954 quidem
1126 2903 1285 2940 iudicio.
1346 2902 1447 2939 Nam
1477 2902 1510 2939 si
1539 2901 1660 2938 Bent-

1345 2977 1386 3011 12
