1926 3275
233 315 286 353 43
293 315 315 353 2
891 307 1070 342 Asinaria.

233 441 307 478 hoc
336 440 509 490 probans
541 452 611 476 nec
641 438 792 475 hiatum
830 437 959 474 ferens
997 439 1089 486 post
1130 432 1225 484 „tu“
1259 435 1431 473 addebat
1465 434 1645 484 „hodie“.
1678 457 1734 462 -—

237 510 329 547 803.
356 504 467 547 Sine.
506 506 708 545 Acidalius
730 502 850 553 „hoc“
873 505 1005 554 inquit
1031 503 1220 554 „verbum
1243 504 1298 541 sic
1324 517 1346 541 a
1369 504 1532 554 reliquis
1557 505 1731 553 distinxi,

235 580 279 613 ut
302 576 428 614 solum
450 575 675 626 proferatur
700 577 736 611 et
763 587 834 623 pro
860 574 1032 612 formula
1057 575 1292 623 agnoscatur
1315 573 1492 610 minandi
1515 586 1587 623 per
1611 587 1732 623 quan-

235 645 324 682 dam
355 640 688 689 concessionem“;
720 645 844 689 recte,
880 655 970 679 nam
1009 642 1042 679 si
1076 655 1164 679 cum
1202 641 1457 691 sequentibus
1489 642 1732 690 iungeretur,

235 712 451 750 necessario
483 710 731 748 scribendum
763 713 883 747 esset:
921 709 1035 757 „Sine
1062 709 1178 747 modo
1204 710 1341 747 ueniat
1367 709 1535 757 domum,
1568 709 1659 747 faxo
1690 713 1736 747 ut

234 778 371 818 sciat“.
421 779 496 817 Sed
526 779 730 816 Acidalius
763 779 983 828 exemplum
1016 777 1132 816 affert
1161 791 1301 828 parum
1334 781 1480 827 aptum,
1513 777 1603 814 Aul.
1631 778 1734 825 4173

235 849 287 886 ibi
321 849 424 886 enim
456 846 650 897 significat
691 846 863 894 „Omitte
902 844 1003 884 me“.
1066 847 1139 883 Hic
1179 847 1403 896 comparari
1440 849 1597 896 poterat
1628 844 1732 883 Grae-

235 930 368 954 corum
400 912 491 959 Εἶεν,
522 915 654 952 Plauti
680 915 820 953 Bacch.
851 916 950 953 804:
988 914 1181 963 „Egomet
1210 914 1382 952 tabellas
1412 914 1538 961 tetuli,
1570 916 1617 950 ut
1645 915 1733 951 uin—

236 986 348 1022 cirer.
397 981 526 1022 Sine“.
587 984 743 1021 Trucul.
779 984 877 1020 626:
916 983 1103 1032 „pulchre
1133 982 1324 1020 ludificor.
1372 979 1504 1020 Sine“.
1535 1001 1592 1006 —
1622 981 1736 1028 Quod

238 1054 286 1090 ad
324 1065 504 1090 numeros
544 1053 707 1098 attinet,
740 1051 902 1088 Plautus
933 1051 970 1088 h.
1003 1051 1028 1088 l.
1062 1051 1455 1102 proceleusmaticum
1485 1050 1561 1088 sibi
1591 1050 1734 1101 permi-

234 1123 331 1159 sisse
362 1120 538 1168 videtur,
570 1120 686 1158 Both.
719 1124 868 1169 transp.
905 1120 974 1168 „In
998 1134 1059 1157 me
1085 1116 1261 1166 dixisti“,
1294 1118 1354 1156 Fl.
1391 1118 1533 1167 „modo
1556 1114 1733 1155 uenias“.

237 1210 290 1215 —
322 1189 473 1227 Deinde
504 1188 564 1225 Fl.
598 1189 741 1226 omisso
779 1188 827 1226 ut
862 1202 934 1225 scr.
972 1188 1086 1237 „faxo
1120 1185 1261 1235 scias“,
1294 1187 1343 1224 ad
1374 1187 1577 1237 vulgatum
1607 1199 1733 1234 usum,

234 1258 305 1295 sed
334 1259 399 1295 vix
430 1258 527 1304 iure,
559 1257 638 1294 vid.
672 1256 721 1293 ad
747 1256 889 1306 Amph.
918 1257 1010 1294 351.
1047 1276 1095 1281 —
1132 1257 1224 1294 894.
1262 1252 1420 1295 Uibium
1451 1252 1586 1293 dicere
1618 1254 1736 1292 alicui

236 1330 295 1363 est
326 1326 509 1372 obiicere,
543 1325 644 1362 male
676 1324 721 1361 de
757 1324 887 1373 aliquo
921 1324 1062 1371 dicere,
1090 1325 1136 1362 cf.
1163 1324 1250 1361 Ter.
1276 1323 1415 1373 Hecyr.
1446 1323 1545 1360 154:
1582 1322 1735 1371 „Reddi

235 1395 341 1444 patri
373 1397 512 1441 autem,
547 1393 638 1443 quoi
668 1396 712 1429 tu
743 1392 840 1429 nihil
873 1392 978 1430 dicas
1009 1393 1094 1440 uiti,
1129 1388 1431 1442 Superbumst“.

351 1464 444 1500 895.
476 1462 722 1511 Argyrippus
753 1463 908 1511 patrem
940 1460 989 1498 ad
1021 1461 1143 1498 aleam
1174 1461 1326 1508 invitat,
1359 1473 1394 1497 v.
1421 1473 1541 1509 supra
1565 1459 1614 1497 ad
1640 1461 1733 1498 ⁷772.

236 1531 485 1568 Demaenetus
516 1543 635 1580 quum
666 1530 771 1576 iacit,
804 1528 878 1566 sibi
902 1529 1137 1566 Philaenium
1170 1532 1283 1579 optat
1313 1531 1558 1578 mortemque
1587 1530 1734 1566 uxoris.

236 1598 448 1636 Editorum
478 1598 659 1648 plerique
685 1594 810 1635 uxori
833 1599 1087 1647 scripserunt,
1113 1597 1226 1647 quod
1246 1597 1444 1647 oppositio
1469 1597 1735 1635 membrorum

239 1667 443 1718 postulare
480 1665 711 1711 videbatur3
750 1665 819 1703 sed
850 1666 918 1714 qui
947 1665 1051 1703 talos
1082 1666 1193 1713 iacit,
1234 1665 1327 1712 sibi,
1366 1678 1445 1703 non
1478 1665 1613 1713 alteri,
1644 1669 1737 1703 vota

239 1736 344 1773 facit.
405 1735 451 1772 In
487 1737 624 1772 nostra
662 1734 833 1771 editione
865 1734 1090 1782 corrigendi
1120 1734 1272 1771 incuria
1303 1733 1460 1771 dativus
1492 1734 1648 1771 mansit.
1681 1753 1736 1759 —

239 1803 332 1840 Mox
385 1803 497 1840 iactis
544 1802 634 1839 talis
680 1815 767 1839 cum
811 1801 954 1851 gaudio
1000 1802 1193 1839 exclamat
1238 1815 1278 1839 se
1318 1799 1542 1842 Uenerium
1585 1802 1733 1839 iecisse.

240 1871 369 1908 Venus
415 1872 516 1908 enim
562 1870 768 1907 dicebatur
812 1870 984 1919 optimus
1029 1871 1174 1917 iactus,
1214 1869 1282 1907 ubi
1320 1884 1366 1907 ex
1412 1873 1599 1920 quattuor
1642 1870 1736 1907 talis

239 1953 352 1977 suum
378 1940 543 1989 quisque
574 1952 777 1976 numerum
803 1938 1061 1985 monstrabat,
1086 1938 1149 1975 vel
1172 1941 1218 1975 ut
1243 1940 1299 1976 ait
1322 1938 1519 1976 Martialis
1538 1938 1641 1986 XIV,
1672 1938 1733 1985 14,

246 2021 391 2057 „quum
439 2007 596 2044 steterit
640 2006 770 2043 nullus
815 2007 927 2044 vultu
972 2006 1045 2043 sibi
1090 2006 1194 2044 talus
1240 2003 1416 2044 eodem“.
1484 2005 1539 2043 Cf.
1572 2006 1734 2044 Lucian.

240 2076 370 2112 Amor.
410 2076 477 2112 16:
515 2075 556 2122 τῇ
588 2076 740 2123 τραπέζῃ
770 2076 933 2124 τέτταρας
966 2074 1214 2124 ἀστραγάλους
1246 2074 1511 2124 ἀπαριθμήσας
1542 2075 1736 2110 &tene-cume

242 2145 299 2188 τὴν
330 2144 474 2183 ἐλπίδα,
507 2143 563 2178 καὶ
595 2143 714 2190 βαλὼν
743 2145 807 2190 μὲν
839 2143 897 2178 ἐπῖ
930 2144 1086 2186 σκοποῦ,
1116 2143 1270 2190 μάλιστα
1303 2142 1333 2177 δ’
1366 2145 1513 2178 εἴποτε
1550 2144 1610 2189 τὴν
1644 2145 1736 2180 θεὸν

240 2212 346 2257 αὐτὴν
371 2212 579 2260 εὐβολήσειε,
605 2212 753 2259 μηδενὸς
781 2211 1009 2261 ἀστραγάλου
1037 2212 1206 2253 πεσόντος
1231 2213 1296 2259 ἴσῳ
1325 2212 1491 2259 σχήματι,
1516 2213 1734 2261 προσεκύνει.

244 2300 292 2304 —-
328 2281 420 2317 897.
454 2277 653 2327 mmmm,
692 2280 826 2316 vinum
865 2279 979 2316 melle
1018 2279 1239 2327 conditum,
1278 2293 1313 2316 v.
1347 2279 1517 2326 Becker,
1553 2278 1654 2317 Gall.
1685 2280 1735 2327 II,

242 2362 278 2397 p.
312 2349 400 2385 174.
434 2368 488 2372 —
521 2349 613 2385 898.
647 2347 860 2396 Postquam
883 2348 1098 2386 Artemona
1130 2347 1231 2385 dixit
1261 2361 1301 2385 se
1331 2347 1406 2385 hoc
1438 2347 1604 2397 amplius
1635 2347 1738 2385 ferre

241 2429 317 2467 non
347 2429 474 2465 posse,
509 2413 660 2453 durare
689 2430 767 2453 non
792 2429 917 2466 posse,
943 2431 978 2454 v.
1005 2416 1147 2466 Amph.
1177 2417 1269 2464 875,
1293 2416 1494 2466 parasitus
1519 2416 1739 2454 scurriliter

242 2483 314 2519 hoc
332 2483 493 2520 verbum
519 2485 594 2521 alio
618 2497 733 2521 sensu
759 2485 911 2534 accipit,
938 2498 1008 2522 nec
1032 2486 1171 2523 mirum
1196 2498 1279 2522 esse
1305 2485 1361 2521 ait
1385 2497 1468 2522 eam
1494 2484 1635 2522 durare
1658 2498 1739 2523 non

242 2564 366 2599 posse,
392 2551 423 2588 si
448 2565 526 2588 non
550 2552 757 2589 fulloniam
782 2556 905 2590 artem
931 2553 1126 2590 didicerit.
1175 2550 1374 2600 „Durare“
1403 2552 1525 2600 igitur
1548 2552 1739 2590 fullonum

243 2622 311 2655 est.
360 2619 470 2665 Quod
504 2620 570 2668 qui
602 2620 650 2656 ad
682 2624 828 2658 tetrum
860 2621 1021 2659 odorem
1049 2635 1135 2659 cum
1162 2634 1296 2658 eorum
1321 2621 1455 2659 labore
1487 2621 1738 2658 coniunctum

244 2687 484 2733 retulerunt,
524 2688 633 2736 quasi
664 2692 782 2737 poeta
814 2692 961 2726 tetrum
991 2690 1123 2726 mariti
1156 2690 1366 2727 scortantis
1397 2690 1522 2727 visum
1553 2702 1638 2726 cum
1670 2688 1739 2726 illo

244 2754 381 2790 foetore
427 2756 680 2804 compararit,
728 2757 793 2792 vix
838 2770 973 2795 verum
1020 2758 1273 2804 invenerunt3
1296 2758 1546 2807 ”parasitum
1598 2756 1739 2794 saltem

246 2823 369 2870 magis
409 2821 594 2859 decuerat
632 2836 677 2859 ex
716 2823 888 2873 piscibus
934 2825 1080 2863 foetidis
1127 2828 1459 2876 comparationem
1498 2828 1655 2874 petere,
1694 2827 1740 2861 ut

243 2889 356 2940 Capt.
377 2891 455 2927 805
481 2903 565 2940 sqq.
612 2890 755 2928 Melius
780 2891 847 2929 alii
877 2891 1067 2938 „durare“
1098 2894 1309 2931 transitivo
1341 2906 1457 2931 sensu
1489 2895 1737 2942 acceperunt,
