1926 3275
283 331 364 369 238
910 325 1146 369 Amphitruo.

396 456 575 492 41—45.
611 454 714 501 „Cur
737 450 834 501 ego“
862 455 1005 502 inquit,
1036 453 1225 499 „aliorum
1252 454 1471 502 exemplum
1496 467 1648 502 sequar,
1681 467 1779 503 quos

282 526 323 561 in
353 523 557 571 tragoediis
589 522 692 568 uidi,
731 534 817 570 quae
848 521 951 557 bona
979 521 1204 569 Neptunus,
1237 521 1392 568 Virtus,
1425 521 1623 569 Victoria,
1655 522 1777 569 Mars,

282 592 446 628 Bellona
484 590 596 627 vobis
634 590 818 636 fecerint,
853 591 1217 635 commemorantes,
1258 593 1303 626 ut
1342 593 1381 626 et
1418 591 1503 638 ipse
1543 603 1778 637 enumerem,

283 673 448 709 quorum
487 657 764 694 beneficiorum
796 657 979 706 Iuppiter
1019 657 1201 693 omnibus
1238 656 1465 694 hominibus
1504 662 1642 694 auctor
1673 656 1775 695 sit?“

282 728 408 776 Vulgo
455 727 569 763 aliter
614 728 950 774 interpretantur:
1010 724 1112 771 „Cur
1157 738 1386 772 memorem,
1436 725 1633 774 quomodo
1680 726 1780 763 alios

283 797 387 842 deos,
414 795 652 844 Neptunum,
671 793 865 830 Virtutem
894 796 979 839 ete.⁷
1012 792 1177 829 viderim
1205 794 1245 829 in
1270 793 1472 842 tragoediis
1496 794 1686 832 beneficia
1710 808 1781 832 sua

282 860 656 901 commemorantes?
683 874 768 910 quae
793 875 835 897 re
858 874 951 897 vera
975 863 1105 897 omnia
1125 860 1211 897 Iovi
1237 860 1476 909 debentur“;
1509 863 1549 898 in
1574 862 1717 911 quibus
1742 866 1780 899 et

282 933 476 969 sententia
492 942 614 978 prava
632 932 702 975 est,
720 942 810 965 nam
829 930 983 977 antiqui
1002 942 1238 977 quamquam
1255 928 1388 966 Iovem
1412 943 1638 979 supremum
1665 930 1779 967 deum

280 1000 493 1045 habebant,
522 1002 652 1035 tamen
683 1010 759 1033 non
792 997 833 1033 id
864 996 1060 1043 dicebant,
1095 1010 1182 1033 eum
1215 997 1350 1033 eadem
1382 997 1521 1044 faeere,
1548 1011 1634 1047 quae
1658 1000 1779 1035 ceteri

282 1082 426 1113 omnes,
460 1070 498 1103 et
529 1065 634 1115 quod
665 1068 877 1102 maximum
909 1067 979 1111 est,
1013 1077 1090 1100 non
1121 1064 1193 1101 1100
1224 1067 1367 1113 quaerit
1397 1065 1638 1103 Mercurius:
1677 1065 1780 1112 „Cur

282 1137 447 1173 aliorum
473 1148 625 1171 errores
651 1137 719 1170 aut
743 1133 1022 1180 adrogantiam
1047 1132 1400 1170 001mnemore1n‘?“
1437 1134 1523 1170 sed:
1555 1134 1658 1179 „Cur
1673 1133 1778 1171 Iovis

280 1204 489 1249 beneficia,
524 1215 608 1250 quae
641 1204 736 1238 satis
775 1205 872 1238 nota
910 1204 1018 1247 sunt,
1051 1199 1313 1237 inemorem‘?“
1351 1222 1403 1226 —
1435 1202 1500 1238 42.
1533 1198 1780 1250 Neptunum

282 1275 372 1308 cett.
406 1271 531 1308 Solito
556 1270 687 1306 Plauti
711 1283 819 1306 more
851 1269 1067 1305 subiectum
1099 1271 1304 1306 sententiae
1335 1270 1548 1318 pendentis
1580 1270 1778 1307 obiectum

281 1340 326 1376 fit
361 1339 471 1376 verbi
512 1340 711 1386 primarii,
756 1337 801 1374 cf.
834 1350 869 1373 v.
907 1337 969 1374 54.
1002 1357 1059 1361 —
1089 1337 1154 1374 44.
1189 1336 1283 1386 qm'S
1316 1335 1358 1385 (i.
1393 1351 1424 1375 e.
1458 1335 1622 1387 quibus)
1663 1335 1778 1376 bene-

280 1405 418 1457 factis.
480 1406 646 1442 Dativus
685 1419 758 1454 pro
791 1401 992 1452 genet-iro⁷
1026 1407 1071 1440 ut
1101 1405 1186 1442 Mil.
1222 1407 1321 1442 735:
1374 1410 1498 1452 „esset
1536 1409 1584 1444 iis
1624 1419 1779 1444 annona

280 1473 438 1513 vilior“.
485 1474 604 1510 Most.
633 1474 702 1509 89:
742 1475 800 1519 „ei
831 1475 887 1509 rei
920 1475 1148 1521 argumenta
1180 1472 1347 1511 dieam“.
1396 1474 1503 1511 Trin.
1528 1475 1628 1512 204:
1665 1475 1778 1521 „illo-

282 1557 367 1580 rum
412 1542 543 1579 verbis
588 1541 697 1578 falsis
744 1544 924 1590 acceptor
969 1539 1066 1577 fui“.
1115 1541 1223 1578 Asin.
1257 1543 1352 1578 423.
1393 1562 1449 1566 —
1490 1543 1555 1579 45.
1589 1538 1780 1580 Deorum

282 1625 367 1649 eum
413 1611 584 1659 synizesi
629 1609 860 1656 legendum,
907 1609 986 1645 vid.
1027 1608 1185 1656 Proleg.
1225 1623 1263 1658 p.
1299 1610 1391 1647 214.
1422 1630 1480 1634 ——
1510 1607 1777 1658 arch‘il‘eetuffi

282 1680 353 1715 hae
384 1680 557 1715 nominis
588 1677 714 1713 forma
740 1676 901 1713 Plautus
931 1677 1163 1726 plerumque
1194 1679 1333 1724 utitur,
1366 1691 1402 1715 v.
1435 1678 1520 1716 Mil.
1555 1680 1647 1715 897.
1682 1680 1775 1716 898.

284 1749 376 1784 911.
413 1748 532 1783 1132.
565 1745 722 1781 Trueul.
744 1746 788 1790 3?
821 1744 889 1781 sed
921 1742 1237 1783 (crelm'z‘ecfonem
1262 1745 1381 1782 Most.
1402 1747 1494 1783 748.
1527 1746 1632 1784 Poen.
1655 1747 1775 1785 1113.

280 1815 447 1852 —Post
469 1828 504 1851 v.
532 1815 582 1851 45
615 1814 734 1860 vulgo
767 1815 1093 1862 interrogationis
1125 1815 1278 1862 signum
1308 1816 1484 1863 ponitur.
1531 1814 1589 1850 Fl.
1626 1814 1777 1860 „arehi-

280 1882 449 1920 10011181ιι
480 1882 616 1928 edidit,
641 1895 689 1918 ne
715 1881 930 1918 offenderet
957 1883 1143 1918 omissum
1169 1881 1332 1918 verbum
1364 1882 1666 1928 substantivum,
1701 1895 1778 1931 qua

282 1952 329 1987 de
360 1964 401 1987 re
432 1950 512 1987 vid.
546 1949 596 1986 ad
626 1963 661 1986 v.
691 1950 783 1987 590.
834 1948 909 1986 Sed
940 1951 972 1986 si
1004 1953 1109 1985 recte
1141 1951 1378 1989 sententiam
1409 1950 1688 1996 intelleximus,
1720 1947 1781 1987 sit

282 2018 531 2056 scribendum
558 2021 655 2055 erat.
702 2017 785 2054 Hoc
811 2030 967 2066 quoque
992 2017 1121 2053 audiri
1144 2019 1322 2066 potuisse
1347 2017 1462 2054 credo
1490 2017 1684 2066 equidem,
1710 2018 1778 2054 sed

281 2089 363 2123 veri
385 2086 552 2123 similior
574 2086 670 2122 mihi
695 2088 781 2122 visa
805 2088 865 2122 est
883 2084 1034 2122 Gertzii
1059 2087 1266 2131 sententia,
1291 2085 1415 2122 latere
1440 2085 1603 2122 verbum
1627 2088 1668 2123 in
1693 2099 1777 2123 cor-

281 2158 400 2203 rupto
431 2156 599 2203 proximi
630 2166 766 2190 versus
797 2154 1013 2202 principi0;
1046 2166 1135 2189 nam
1161 2149 1247 2191 Sed
1271 2166 1306 2190 v.
1334 2154 1386 2189 46
1419 2157 1647 2202 corruptum
1680 2167 1775 2201 esse,

281 2227 362 2259 tam
408 2224 603 2258 sententia
648 2234 763 2270 quam
808 2223 960 2257 numeri
1001 2221 1184 2270 probant.
1247 2220 1479 2271 Superiores
1520 2221 1608 2258 edd.
1648 2225 1776 2259 metro

281 2292 447 2327 maxime
494 2289 742 2326 consulentes
787 2289 856 2326 alii
902 2289 1020 2326 aliter
1065 2288 1338 2326 emendarunt.
1400 2289 1472 2326 Ed.
1512 2289 1640 2326 Parm.
1692 2287 1772 2336 „is“

281 2361 372 2407 post
422 2355 548 2404 „mos“
600 2357 730 2403 addim
778 2356 934 2394 Gruter.
967 2355 1147 2393 Lindem.
1180 2356 1262 2394 FL:
1314 2356 1414 2403 „Sed
1459 2357 1526 2394 ille
1565 2370 1775 2406 numquam

282 2423 406 2462 mos“.
450 2425 614 2462 Loman:
654 2424 754 2471 „Sed
785 2437 868 2462 mos
894 2424 976 2461 illie
1000 2422 1252 2473 numquam“.
1295 2424 1426 2462 Luchs
1451 2427 1491 2462 in
1515 2424 1777 2462 Studemundi

283 2492 391 2530 Stud.
418 2492 446 2539 I,
472 2506 508 2541 p.
530 2494 599 2529 34:
639 2492 739 2539 „Sed
770 2492 852 2529 illic
882 2505 964 2529 mos
994 2490 1158 2539 [morus]
1183 2506 1268 2529 meo
1293 2495 1399 2541 patri
1422 2506 1635 2542 numquam
1659 2490 1774 2530 fuit“.

282 2560 362 2596 Nos
392 2564 436 2596 ut
466 2563 506 2597 in
538 2562 585 2597 iis
617 2560 889 2607 subsistamus,
923 2574 1008 2609 quae
1040 2562 1260 2597 necessaria
1287 2564 1377 2597 sunt
1399 2581 1455 2585 —-
1478 2574 1566 2598 nam
1600 2563 1776 2598 senarius

285 2629 323 2664 in
355 2627 453 2664 duos
486 2627 634 2664 iambos
667 2630 809 2674 exiens,
842 2631 887 2664 ut
918 2642 994 2665 non
1023 2628 1254 2675 laudandus,
1282 2630 1338 2665 ita
1362 2628 1645 2678 relinquendus
1668 2627 1776 2666 vide-

284 2697 349 2730 tur
380 2714 435 2718 —-
464 2708 537 2743 pro
575 2694 697 2741 „Seffl
742 2698 944 2744 posuimus
979 2693 1088 2741 Sia,
1131 2696 1235 2745 quod
1275 2698 1315 2732 in
1353 2699 1579 2745 sequentem
1621 2709 1776 2732 versum

284 2761 517 2797 translatum
556 2764 672 2798 etiam
705 2763 798 2799 alibi
830 2764 994 2811 legitur,
1028 2777 1062 2800 V.
1097 2777 1126 2799 0.
1165 2764 1255 2800 158.
1318 2764 1358 2801 Si
1397 2767 1457 2801 eui
1496 2764 1775 2800 demonstrati-

284 2841 373 2864 vum
411 2841 624 2876 pronomen
656 2833 920 2867 necessarium
952 2831 1169 2877 videbitur,
1210 2831 1334 2879 legat:
1387 2830 1499 2878 „Sit‘ss
1546 2831 1634 2868 Mos
1664 2844 1774 2867 num-

285 2909 397 2945 quam
434 2893 533 2942 [illc]
567 2896 623 2933 illi
656 2897 731 2933 fuit
760 2900 866 2946 patri
899 2895 1024 2933 meo“.
