1926 3275
160 292 226 337 III,
239 294 272 336 3,
288 293 425 328 26—36
826 290 1007 326 Asinaria.
1590 295 1609 333 1
1619 294 1638 333 1
1646 294 1668 333 5

799 417 832 458 L
844 431 866 458 e
877 431 900 458 ο
911 417 962 458 ni
973 415 1035 457 da

162 490 197 532 Ο
228 489 408 541 Libane,
440 492 490 531 ut
519 489 649 530 miser
680 491 747 531 est
777 489 905 531 homo
939 488 1013 542 qui
1045 490 1175 529 amat.

798 575 832 616 L
842 575 893 616 ib
905 588 931 616 a
940 589 969 616 n
978 589 1007 615 u
1016 588 1035 615 s

1191 629 1326 671 Immo
1358 629 1506 672 hercle
1536 644 1641 673 uero

163 705 247 756 Qui
277 705 440 759 pendet
471 704 651 747 multost
680 704 893 746 miserior.

797 775 831 816 L
843 789 864 817 e
877 789 900 816 0
909 788 938 814 n
948 774 963 814 i
973 773 1000 814 d
1011 787 1036 815 a

919 846 1016 887 Scio
1049 845 1123 898 qui
1156 844 1367 898 periclum
1397 844 1494 887 feci.
1604 851 1672 885 610

164 919 567 971 Circumsistamus3
601 919 716 961 alter
745 918 860 969 hine,
892 918 994 958 hino
1027 916 1140 959 alter
1171 916 1453 971 appellemus.

802 990 836 1031 L
845 989 895 1031 ib
906 1003 932 1030 a
941 1004 969 1030 n
978 1004 1007 1030 u
1017 1003 1036 1030 s

162 1063 261 1116 Ere,
287 1063 420 1105 salue.
460 1063 546 1105 Sed
568 1077 671 1104 num
695 1061 838 1104 fumus
864 1066 930 1102 est
945 1061 1056 1102 haec
1071 1059 1228 1102 mulier
1245 1074 1375 1114 quam
1391 1060 1672 1116 amplexare?

163 1191 382 1243 Qnidum?
752 1133 1084 1187 Argyrippus

801 1261 1036 1303 Libanus

399 1334 511 1385 Quia
541 1334 656 1377 oculi
686 1337 785 1375 sunt
816 1333 898 1374 tibi
928 1333 1234 1383 lacrumantes,
1266 1345 1316 1373 eo
1347 1331 1513 1384 rogaui.

749 1419 787 1461 A
796 1435 819 1461 r
828 1434 854 1474 g
863 1435 889 1474 y
899 1420 943 1460 ri
954 1434 981 1473 p
992 1434 1019 1474 p
1028 1434 1057 1461 u
1069 1433 1087 1460 s

162 1493 379 1536 Patronus
411 1493 486 1548 qui
516 1492 640 1535 uobis
671 1491 754 1533 fuit
783 1491 969 1542 futurus,
1000 1490 1265 1545 perdidistis.

804 1577 1036 1619 Libanus

165 1651 379 1707 Equidem
409 1651 555 1694 hercle
586 1650 754 1693 nullum
784 1649 976 1704 perdidi⁷
1008 1648 1106 1690 ideo
1139 1649 1241 1702 quia
1269 1661 1506 1702 numquam
1535 1647 1671 1688 ullum

1123 1720 1272 1761 habui.
1604 1718 1672 1752 615

802 1792 836 1834 L
848 1807 870 1834 e
882 1807 905 1834 ο
914 1792 967 1833 ni
978 1791 1005 1833 d
1014 1806 1040 1833 a

165 1851 452 1904 Philaenium,
485 1850 619 1893 salue.

749 1920 782 1961 P
792 1920 905 1961 hila
917 1934 938 1960 e
949 1920 1037 1961 niu
1047 1934 1090 1960 m

646 1991 826 2034 Dabunt
857 1991 901 2032 di
933 2005 1043 2045 quae
1074 1990 1221 2032 uelitis
1251 1989 1390 2031 uobis.

803 2063 835 2104 L
847 2077 869 2105 e
881 2078 904 2105 0
916 2063 966 2103 ni
979 2063 1005 2103 d
1015 2076 1042 2104 a

166 2137 351 2179 Noctem
382 2140 505 2178 tuam
536 2139 580 2177 et
609 2136 700 2177 uini
731 2134 886 2176 cadum
917 2135 1061 2186 uelim,
1091 2135 1127 2176 si
1158 2137 1310 2187 optata
1339 2132 1459 2174 fiant.

753 2207 821 2248 Ar
831 2220 856 2259 g
865 2222 891 2261 y
901 2207 981 2260 rip
995 2221 1058 2259 pu
1068 2221 1087 2247 s

168 2279 361 2322 Uerbum
396 2292 503 2320 caue
533 2278 659 2329 faxis,
689 2278 887 2320 uerbero.

802 2350 836 2391 L
848 2364 868 2391 e
881 2363 904 2390 0
915 2349 967 2389 ni
979 2347 1041 2388 da

882 2420 979 2460 Tibi
1010 2418 1224 2473 equidem7
1257 2433 1343 2460 non
1374 2418 1492 2470 mihi,
1524 2423 1638 2472 opto.

755 2491 822 2532 Ar
832 2505 890 2544 gy
900 2491 980 2544 rip
994 2505 1020 2543 p
1031 2504 1059 2530 u
1069 2504 1088 2530 s

170 2565 279 2606 Tum
308 2567 358 2605 tu
387 2563 521 2617 igitur
551 2562 728 2616 loquere
759 2562 875 2615 quod
905 2561 1039 2602 lubet.

804 2633 836 2674 L
848 2647 869 2674 e
881 2647 904 2674 0
915 2633 966 2674 ni
979 2633 1004 2673 d
1015 2646 1041 2674 a

1049 2703 1176 2746 Hunc
1206 2703 1351 2746 hercle
1382 2702 1628 2744 uerberare.

262 2860 329 2894 613
354 2858 583 2893 lacrimantis
