1926 3275
714 298 756 332 v.
786 298 1020 332 1029-1040.
1540 299 1621 338 333

113 428 323 474 intellexit,
357 427 428 465 nec
454 426 540 465 fieri
563 432 705 478 potest,
730 432 774 466 ut
801 441 873 478 pro
898 428 1028 465 animo
1053 429 1227 476 ponatur
1253 426 1394 463 anima.
1441 426 1623 462 Animam

114 496 375 546 comprimere
392 499 450 533 est
469 497 656 546 spiritum
673 497 858 542 retinere,
877 509 913 533 v.
931 495 1091 532 Terent.
1109 494 1266 531 Phorm.
1288 495 1388 531 868:
1412 494 1621 541 „Animam

114 566 336 613 conpressi,
370 577 502 601 aurem
536 562 737 602 admoui“.
776 584 834 588 --
875 565 996 603 1036.
1029 562 1334 612 Amphitryonis
1373 561 1494 599 verba
1531 565 1622 599 sunt

112 632 341 669 Alcmenam
373 632 666 681 conspicientis
721 627 932 680 Gaiusque
964 633 1193 679 corruptum
1225 633 1296 667 est.
1352 629 1487 667 Bothii
1520 632 1622 667 coni.

118 701 352 749 „quisquam
383 712 455 750 pro
487 696 719 749 quaequam“
763 712 929 750 prorsus
970 698 1235 748 improbanda
1267 701 1338 734 est.
1402 696 1622 735 Gulielmus

114 767 290 806 volebat:
330 767 505 817 „Cuique
536 768 623 805 nied
656 767 817 805 absente
843 780 986 817 corpus
1010 779 1110 804 uxor
1133 766 1310 815 uolgavit
1335 762 1490 811 suum“,
1520 765 1625 815 quod

116 836 169 873 ita
201 836 347 887 probat
377 835 523 873 Hoffm.
556 849 594 885 p.
630 837 700 882 53,
734 839 778 873 ut
813 835 910 883 „Cui
947 847 1073 884 usque
1111 833 1200 870 med
1238 831 1426 870 absente“
1463 833 1623 879 scribat,

115 917 202 954 quae
245 917 323 941 non
364 904 557 952 intelligo.
628 903 729 940 Mihi
768 907 917 941 certum
955 902 1132 948 videtur,
1172 915 1250 938 non
1297 912 1373 951 que
1412 901 1482 938 sed
1523 911 1626 951 (suae

113 972 324 1021 legendum
348 985 442 1009 esse.
491 971 592 1018 Quid
619 973 888 1017 antecesserit,
923 970 1131 1008 obscurum
1164 973 1242 1015 est,
1276 969 1469 1006 fortasse:
1508 967 1625 1016 „[Ec-

116 1045 199 1078 'cam
229 1037 376 1087 video,]
410 1052 496 1089 quae
528 1053 588 1077 me
620 1039 780 1077 absente
813 1036 911 1076 etc.“

230 1243 417 1281 Proxima
449 1247 639 1293 quattuor
670 1244 890 1293 fragment-a
921 1242 1097 1289 senariis,
1130 1244 1173 1279 ut
1205 1241 1377 1288 videtur,
1412 1241 1627 1290 composita

117 1312 168 1350 ad
191 1311 431 1362 colloquium
454 1312 518 1348 vel
542 1312 761 1350 convicium
778 1311 976 1349 Alcmenae
1002 1313 1041 1347 et
1062 1309 1364 1360 Amphitryonis
1387 1309 1626 1359 pertinuisse

117 1393 269 1418 censeo.
333 1379 417 1426 Quo
457 1379 596 1417 ordine
635 1393 675 1417 se
716 1380 962 1429 exceperint,
988 1381 1172 1428 'prorsus
1218 1379 1413 1415 incertum
1462 1381 1532 1415 est.
1572 1397 1628 1402 —

122 1449 227 1485 1037
262 1461 319 1498 sq.
366 1447 451 1485 Hoc
490 1447 756 1496 fragmentum
795 1447 999 1499 Acidalius
1039 1445 1248 1495 adsumpto
1289 1447 1407 1483 etiam
1446 1458 1482 1481 v.
1520 1445 1625 1482 1049

118 1516 173 1553 sic
205 1516 434 1553 constituit:
502 1506 505 1509 ’

290 1583 427 1630 Quaese
459 1583 697 1621 adueniente
729 1583 866 1621 morbo
898 1596 1001 1620 nunc
1031 1582 1227 1620 medicum
1258 1581 1353 1627 tibi;

290 1651 406 1689 Enim
438 1655 481 1689 tu
514 1655 620 1689 certe
654 1655 722 1689 aut
752 1652 930 1689 laruatus
962 1654 1030 1688 aut
1062 1651 1231 1688 cerritus
1263 1663 1315 1687 es.

289 1719 446 1769 Edepol
477 1720 677 1757 hominem
710 1723 749 1757 te
780 1720 984 1757 miserum!
1019 1719 1212 1756 medicum
1245 1718 1426 1767 quaerita.

117 1787 195 1826 Sed
237 1791 434 1825 extremus
474 1801 630 1834 versus,
675 1788 708 1825 si
748 1788 798 1825 ad
836 1787 955 1824 Nonii
993 1786 1113 1824 verba
1153 1789 1334 1823 accurate
1375 1785 1627 1832 attendimus,

117 1857 252 1906 potius
286 1856 387 1893 alius
421 1869 545 1893 scenae
578 1860 656 1902 est,
690 1856 828 1893 saltem
861 1852 947 1892 cu'm
981 1854 1304 1892 antecedentibus
1337 1855 1521 1904 coniungi
1553 1867 1629 1890 non

120 1924 249 1961 debet.
317 1920 475 1972 QuaeSe
506 1937 641 1961 verum
672 1924 842 1971 videtur,
875 1925 899 1960 i.
935 1937 966 1960 e.
1001 1936 1145 1973 quaere,
1180 1921 1343 1972 antiqua
1373 1923 1518 1969 forma,
1553 1935 1630 1971 qua

119 2006 211 2030 usus
244 1996 303 2030 est
333 1992 498 2030 Plautus
529 1992 668 2029 Bacch.
708 1993 804 2029 175:
852 1991 1062 2038 „Mirumst
1092 2005 1153 2028 me
1184 1994 1228 2028 ut
1258 1989 1415 2027 redeam
1447 1994 1487 2027 te
1519 1993 1630 2026 tanto

119 2074 239 2110 opere
280 2059 494 2110 quaesere“
541 2063 580 2097 et
611 2060 769 2097 Lucret.
804 2060 848 2107 V,
886 2061 1011 2097 1227:
1061 2072 1200 2109 „prece
1241 2059 1381 2108 quaesit
1412 2058 1630 2095 Ventorum

118 2128 285 2178 pavidus
317 2125 475 2177 paces“.
539 2128 742 2165 Postrema
773 2141 909 2165 versus
940 2141 1031 2177 pars
1063 2128 1214 2164 ineerta
1246 2130 1316 2163 est.
1386 2126 1501 2163 Both.
1535 2127 1631 2162 mire

119 2198 221 2234 coni.
274 2197 447 2243 „Quaeso
479 2196 711 2233 aduenienti
742 2196 882 2233 morbo
916 2197 975 2233 ius
1007 2193 1277 2233 inedicabile“.
1326 2193 1470 2231 Hoffm.
1498 2208 1536 2244 p.
1559 2195 1627 2231 34:

125 2264 381 2310 „aduenienti
411 2264 549 2300 morbo
582 2263 820 2301 medicatum
842 2262 965 2309 tibi“;
999 2263 1183 2313 equidem
1209 2262 1401 2300 malebam
1435 2261 1630 2308 „medica-

120 2346 208 2369 men
245 2330 362 2369 tibi“.
425 2331 657 2377 Qnicherat:
702 2332 862 2378 „Quaese
900 2331 1130 2368 aduenienti
1171 2330 1311 2368 morbo
1350 2329 1538 2366 medicari
1568 2330 1630 2367 Io-

119 2398 250 2438 vem“.
291 2400 385 2436 Mox
412 2397 592 2446 „Eni1n“,
621 2399 727 2448 quod
751 2401 962 2449 proposuit
978 2399 1193 2446 Acidalius,
1221 2412 1292 2449 per
1319 2413 1357 2434 se
1383 2398 1631 2447 aptissimum

120 2472 198 2513 est;
239 2468 307 2505 sed
347 2469 533 2517 quonium
573 2468 692 2504 ceteri
727 2480 863 2504 versus
897 2467 1041 2504 senarii
1074 2466 1280 2512 videntur,
1324 2466 1386 2502 hic
1420 2479 1578 2515 quoque
1610 2480 1633 2502 a

121 2549 204 2573 voc.
249 2534 354 2582 „Tu“
392 2535 642 2585 incipiendus
676 2539 747 2572 est.
814 2535 994 2572 Dubitari
1028 2538 1175 2584 potest,
1209 2538 1343 2571 utrum
1383 2528 1626 2580 „lan1atu’s“

122 2603 331 2652 legendum
355 2604 418 2650 sit,
446 2617 494 2640 an
525 2604 713 2649 „cerritus
739 2601 819 2639 es“.
845 2623 901 2628 ——-
927 2599 1117 2640 laruatus
1142 2616 1176 2639 v.
1199 2604 1299 2648 6703
1335 2599 1509 2639 cerritus
1535 2604 1629 2639 765).

241 2673 360 2709 1030.
394 2667 681 2717 Effiursm‘e'sffi,
726 2684 760 2707 v.
797 2672 875 2707 924
910 2684 966 2720 sq.
1031 2670 1151 2707 Errat
1183 2670 1354 2716 Nonius,
1390 2670 1495 2719 quod
1533 2683 1631 2719 prae-

121 2740 313 2790 positioni
355 2739 586 2776 intendendi
621 2740 699 2775 vim
731 2738 892 2784 tribuit,
934 2739 1067 2789 potins
1107 2740 1292 2788 negativa
1331 2739 1390 2775 vis
1429 2743 1486 2775 est
1527 2739 1630 2783 eius,

123 2808 276 2844 eiurare
316 2811 376 2843 est
415 2807 582 2843 iurando
615 2820 807 2844 amovere.
841 2827 893 2830 —
933 2807 1052 2843 1040.
1086 2807 1282 2856 Antiquos
1316 2806 1482 2843 Latinos
1514 2802 1633 2843 uoltis·

114 2875 338 2923 praesen&
356 2875 499 2911 dixisse
525 2888 596 2924 pro
624 2875 759 2919 „nobis
776 2872 1081 2925 p1·aesentil›us“‚
1101 2876 1280 2925 quamvis
1297 2876 1424 2924 primo
1443 2873 1632 2923 adspectu
