1926 3275
227 302 306 340 100
913 292 1036 327 Plauti
1507 288 1554 332 11,
1568 290 1600 332 3,
1613 289 1725 324 5—1'7

857 418 1093 460 Libanus

1042 487 1101 528 At
1132 486 1361 528 censebam
1392 485 1588 539 attigisse

225 565 465 618 Propterea
494 562 577 603 huc
609 562 712 615 quia
741 559 935 602 habebas
966 559 1061 600 iter.
1107 558 1219 600 Nolo
1248 571 1326 611 ego
1352 556 1459 598 foris
1493 570 1727 598 conseruas

225 636 347 677 Meas
379 648 405 676 a
435 638 479 675 te
510 632 804 683 uerberarier3
836 644 940 673 sane
972 643 1052 683 ego
1085 644 1180 671 sum
1211 629 1377 670 amicus
1407 629 1583 670 nostris.

843 717 1111 758 Mercator

227 792 305 834 Pol
334 791 452 833 haud
481 790 735 844 periclumst
766 788 965 830 cardines
994 802 1049 829 ne
1079 785 1246 829 foribus
1277 784 1585 839 ecfringantur,
1661 789 1728 823 385

230 864 275 905 Si
304 864 414 905 istoc
446 861 641 915 exemplo
674 859 871 902 omnibus
902 860 978 914 qui
1008 862 1224 913 quaerunt
1253 856 1551 911 respondebis.

860 945 1095 987 Libanus

229 1021 297 1062 Ita
327 1021 436 1062 haec
466 1022 680 1060 moratast
709 1018 860 1069 ianua3
894 1017 1112 1070 extemplo
1143 1016 1375 1056 ianitorem

231 1092 414 1143 Clamat,
447 1089 599 1145 procul
630 1089 666 1131 si
697 1103 826 1143 quem
854 1088 976 1129 uidet
1004 1088 1068 1129 ire
1099 1087 1156 1128 ad
1186 1101 1231 1129 se
1264 1086 1556 1128 calcitronem.

230 1162 315 1205 Sed
347 1161 449 1217 quid
479 1161 631 1203 uenis?
663 1160 776 1210 Quid
807 1160 1059 1214 quaeritas?

847 1246 892 1287 M
901 1259 923 1287 e
933 1259 956 1286 r
966 1258 988 1286 c
999 1259 1025 1286 a
1033 1249 1052 1286 t
1062 1259 1085 1287 o
1094 1259 1117 1286 r

1075 1315 1391 1358 Demaenetum
1419 1312 1634 1355 uolebam.

862 1403 899 1443 -L
908 1403 922 1443 i
931 1402 958 1444 b
970 1416 996 1444 a
1006 1417 1032 1443 n
1044 1417 1072 1444 u
1081 1417 1100 1444 s

234 1476 280 1516 Si
310 1476 366 1516 sit
398 1475 524 1524 domi,
556 1474 698 1515 dicam
727 1473 819 1515 tibi.

848 1556 891 1597 M
903 1570 925 1597 e
934 1570 956 1596 r
968 1569 990 1596 c
1001 1569 1027 1596 a
1036 1560 1054 1597 t
1065 1570 1088 1597 o
1098 1569 1120 1596 r

841 1627 982 1678 Quid?
1014 1627 1105 1668 eius
1136 1625 1365 1667 atriensis?
1667 1622 1734 1656 390

866 1713 1099 1755 Libanus

234 1785 378 1826 Nihilo
410 1799 533 1839 mage
563 1785 679 1826 intus
711 1789 787 1826 est.

851 1856 1121 1897 Mercator

810 1926 966 1968 Ubist?

868 1997 1102 2038 Libanus

985 2067 1052 2107 Ad
1082 2070 1303 2108 tonsorem
1332 2065 1395 2106 ire
1429 2064 1547 2105 dixit.

853 2138 1122 2179 Mercator

240 2209 444 2251 Conueni.
493 2209 578 2251 Sed
607 2214 706 2263 post
734 2225 821 2251 non
850 2209 1010 2250 rediit?

871 2280 1103 2321 Libanus

1031 2351 1129 2391 Non
1161 2350 1328 2404 edepol.
1383 2349 1495 2400 Quid
1525 2348 1736 2390 uolebas?

854 2423 1121 2464 Mercator

240 2496 420 2548 Argenti
450 2494 604 2547 uiginti
635 2494 783 2544 minas,
815 2494 850 2535 si
883 2494 1067 2543 adesset,
1101 2493 1352 2546 accepisset.

872 2565 1105 2606 Libanus

243 2621 324 2670 Qui
357 2637 433 2675 pro
464 2621 605 2662 istuc?

334 2789 401 2820 334
427 2799 524 2821 meas
549 2789 732 2831 superiori
754 2788 876 2821 versui
898 2787 1055 2821 adhaeret
1125 2787 1263 2821 nostris
1295 2786 1435 2820 aedibus
1529 2787 1594 2821 385
1620 2784 1736 2819 efran-

244 2848 377 2886 gantur
403 2856 443 2878 m.
465 2856 524 2888 pr.
621 2845 687 2878 392
713 2843 801 2877 Cum
827 2844 989 2877 uenisset
