<?xml version="1.0" encoding="UTF-8"?>
<!DOCTYPE html PUBLIC "-//W3C//DTD XHTML 1.0 Transitional//EN"
    "http://www.w3.org/TR/xhtml1/DTD/xhtml1-transitional.dtd">
<html xmlns="http://www.w3.org/1999/xhtml" xml:lang="en" lang="en">
 <head>
  <title>
</title>
<meta http-equiv="Content-Type" content="text/html;charset=utf-8" />
  <meta name='ocr-system' content='tesseract 3.04.00' />
  <meta name='ocr-capabilities' content='ocr_page ocr_carea ocr_par ocr_line ocrx_word'/>
</head>
<body>
  <div class='ocr_page' id='page_1' title='image "./comoediaerecensv01plauuoft_0173.png"; bbox 0 0 1926 3275; ppageno 0'>
   <div class='ocr_carea' id='block_1_1' title="bbox 722 248 1617 293">
    <p class='ocr_par' dir='ltr' id='par_1_1' title="bbox 722 248 1617 293">
     <span class='ocr_line' id='line_1_1' title="bbox 722 248 1617 293; baseline 0 -10"><span class='ocrx_word' id='word_1_1' title='bbox 722 248 1003 293; x_wconf 87' lang='lat' dir='ltr'>Prolegomena.</span> <span class='ocrx_word' id='word_1_2' title='bbox 1271 258 1273 260; x_wconf 85' lang='lat'>·</span> <span class='ocrx_word' id='word_1_3' title='bbox 1539 254 1558 293; x_wconf 87' lang='lat'>1</span> <span class='ocrx_word' id='word_1_4' title='bbox 1565 254 1588 293; x_wconf 81' lang='grc'>5</span> <span class='ocrx_word' id='word_1_5' title='bbox 1594 254 1617 293; x_wconf 85' lang='grc'>5</span> 
     </span>
    </p>
   </div>
   <div class='ocr_carea' id='block_1_2' title="bbox 111 378 1629 2804">
    <p class='ocr_par' dir='ltr' id='par_1_2' title="bbox 111 378 1625 1583">
     <span class='ocr_line' id='line_1_2' title="bbox 111 378 1620 429; baseline 0 -12"><span class='ocrx_word' id='word_1_6' title='bbox 111 383 158 418; x_wconf 92' lang='lat' dir='ltr'>ut</span> <span class='ocrx_word' id='word_1_7' title='bbox 189 393 237 417; x_wconf 89' lang='lat' dir='ltr'>ex</span> <span class='ocrx_word' id='word_1_8' title='bbox 266 380 352 429; x_wconf 91' lang='lat' dir='ltr'>ipso</span> <span class='ocrx_word' id='word_1_9' title='bbox 385 379 471 416; x_wconf 88' lang='lat' dir='ltr'>cod.</span> <span class='ocrx_word' id='word_1_10' title='bbox 493 378 525 415; x_wconf 91' lang='lat' dir='ltr'><strong>B</strong></span> <span class='ocrx_word' id='word_1_11' title='bbox 551 378 773 428; x_wconf 86' lang='lat' dir='ltr'>descriptus</span> <span class='ocrx_word' id='word_1_12' title='bbox 803 379 930 428; x_wconf 88' lang='lat' dir='ltr'>possit</span> <span class='ocrx_word' id='word_1_13' title='bbox 957 378 1104 426; x_wconf 82' lang='lat' dir='ltr'>videri3</span> <span class='ocrx_word' id='word_1_14' title='bbox 1135 381 1229 416; x_wconf 92' lang='lat' dir='ltr'>utut</span> <span class='ocrx_word' id='word_1_15' title='bbox 1259 382 1329 426; x_wconf 90' lang='lat' dir='ltr'>est,</span> <span class='ocrx_word' id='word_1_16' title='bbox 1363 379 1448 416; x_wconf 90' lang='lat' dir='ltr'>sine</span> <span class='ocrx_word' id='word_1_17' title='bbox 1478 392 1620 429; x_wconf 87' lang='lat' dir='ltr'>magna</span> 
     </span>
     <span class='ocr_line' id='line_1_3' title="bbox 112 446 1620 496; baseline -0.001 -11"><span class='ocrx_word' id='word_1_18' title='bbox 112 448 296 486; x_wconf 89' lang='lat' dir='ltr'>molestia</span> <span class='ocrx_word' id='word_1_19' title='bbox 339 447 576 484; x_wconf 75' lang='lat' dir='ltr'>testimoniis</span> <span class='ocrx_word' id='word_1_20' title='bbox 622 448 706 484; x_wconf 91' lang='lat' dir='ltr'>eius</span> <span class='ocrx_word' id='word_1_21' title='bbox 753 460 886 484; x_wconf 87' lang='lat' dir='ltr'>carere</span> <span class='ocrx_word' id='word_1_22' title='bbox 924 459 1148 496; x_wconf 86' lang='lat' dir='ltr'>possumus.</span> <span class='ocrx_word' id='word_1_23' title='bbox 1208 446 1321 484; x_wconf 84' lang='lat' dir='ltr'><strong>Idem</strong></span> <span class='ocrx_word' id='word_1_24' title='bbox 1360 446 1620 484; x_wconf 90' lang='lat' dir='ltr'>confidentius</span> 
     </span>
     <span class='ocr_line' id='line_1_4' title="bbox 113 512 1619 565; baseline -0.001 -11"><span class='ocrx_word' id='word_1_25' title='bbox 113 517 230 554; x_wconf 86' lang='lat' dir='ltr'>etiam</span> <span class='ocrx_word' id='word_1_26' title='bbox 270 514 318 552; x_wconf 93' lang='lat' dir='ltr'>de</span> <span class='ocrx_word' id='word_1_27' title='bbox 359 514 492 552; x_wconf 89' lang='lat' dir='ltr'>codice</span> <span class='ocrx_word' id='word_1_28' title='bbox 521 516 649 552; x_wconf 90' lang='lat' dir='ltr'>musei</span> <span class='ocrx_word' id='word_1_29' title='bbox 679 514 898 551; x_wconf 76' lang='lat' dir='ltr'>Britannici</span> <span class='ocrx_word' id='word_1_30' title='bbox 929 518 1018 551; x_wconf 91' lang='lat' dir='ltr'>octo</span> <span class='ocrx_word' id='word_1_31' title='bbox 1047 515 1229 565; x_wconf 84' lang='lat' dir='ltr'>priorum</span> <span class='ocrx_word' id='word_1_32' title='bbox 1260 515 1483 552; x_wconf 82' lang='lat' dir='ltr'>fabularum</span> <span class='ocrx_word' id='word_1_33' title='bbox 1517 512 1619 562; x_wconf 79' lang='lat' dir='ltr'>(Rit-</span> 
     </span>
     <span class='ocr_line' id='line_1_5' title="bbox 112 581 1620 633; baseline -0.001 -12"><span class='ocrx_word' id='word_1_34' title='bbox 112 584 249 622; x_wconf 89' lang='lat' dir='ltr'>schelii</span> <span class='ocrx_word' id='word_1_35' title='bbox 278 581 313 631; x_wconf 95' lang='lat' dir='ltr'>I)</span> <span class='ocrx_word' id='word_1_36' title='bbox 353 582 551 620; x_wconf 87' lang='lat' dir='ltr'>affirmare</span> <span class='ocrx_word' id='word_1_37' title='bbox 588 596 760 632; x_wconf 89' lang='lat' dir='ltr'>possum.</span> <span class='ocrx_word' id='word_1_38' title='bbox 822 582 897 628; x_wconf 79' lang='lat' dir='ltr'>Qui</span> <span class='ocrx_word' id='word_1_39' title='bbox 936 583 1113 633; x_wconf 89' lang='lat' dir='ltr'>quamvis</span> <span class='ocrx_word' id='word_1_40' title='bbox 1151 583 1391 632; x_wconf 72' lang='lat' dir='ltr'>antiquitate</span> <span class='ocrx_word' id='word_1_41' title='bbox 1427 596 1620 620; x_wconf 89' lang='lat' dir='ltr'>memora-</span> 
     </span>
     <span class='ocr_line' id='line_1_6' title="bbox 111 649 1622 700; baseline -0.001 -11"><span class='ocrx_word' id='word_1_42' title='bbox 111 652 203 689; x_wconf 88' lang='lat' dir='ltr'>bilis</span> <span class='ocrx_word' id='word_1_43' title='bbox 241 652 310 698; x_wconf 90' lang='lat' dir='ltr'>sit,</span> <span class='ocrx_word' id='word_1_44' title='bbox 342 664 434 688; x_wconf 84' lang='lat' dir='ltr'>nam</span> <span class='ocrx_word' id='word_1_45' title='bbox 463 649 521 687; x_wconf 71' lang='lat' dir='ltr'>XI</span> <span class='ocrx_word' id='word_1_46' title='bbox 552 653 621 687; x_wconf 86' lang='lat' dir='ltr'>aut</span> <span class='ocrx_word' id='word_1_47' title='bbox 649 650 726 687; x_wconf 85' lang='lat' dir='ltr'>XII</span> <span class='ocrx_word' id='word_1_48' title='bbox 757 650 899 687; x_wconf 86' lang='lat' dir='ltr'>saeculo</span> <span class='ocrx_word' id='word_1_49' title='bbox 942 650 1115 700; x_wconf 86' lang='lat' dir='ltr'>scriptus</span> <span class='ocrx_word' id='word_1_50' title='bbox 1147 650 1323 698; x_wconf 88' lang='lat' dir='ltr'>videtur,</span> <span class='ocrx_word' id='word_1_51' title='bbox 1356 654 1491 688; x_wconf 87' lang='lat' dir='ltr'>tamen</span> <span class='ocrx_word' id='word_1_52' title='bbox 1521 651 1622 688; x_wconf 84' lang='lat' dir='ltr'>nihil</span> 
     </span>
     <span class='ocr_line' id='line_1_7' title="bbox 113 718 1621 768; baseline -0.001 -11"><span class='ocrx_word' id='word_1_53' title='bbox 113 720 272 757; x_wconf 91' lang='lat' dir='ltr'>omnino</span> <span class='ocrx_word' id='word_1_54' title='bbox 314 719 407 756; x_wconf 85' lang='lat' dir='ltr'>novi</span> <span class='ocrx_word' id='word_1_55' title='bbox 446 718 563 756; x_wconf 86' lang='lat' dir='ltr'>offert</span> <span class='ocrx_word' id='word_1_56' title='bbox 601 722 748 768; x_wconf 87' lang='lat' dir='ltr'>praeter</span> <span class='ocrx_word' id='word_1_57' title='bbox 779 731 953 765; x_wconf 88' lang='lat' dir='ltr'>errores,</span> <span class='ocrx_word' id='word_1_58' title='bbox 987 718 1056 767; x_wconf 90' lang='lat' dir='ltr'>qui</span> <span class='ocrx_word' id='word_1_59' title='bbox 1087 721 1127 755; x_wconf 90' lang='lat' dir='ltr'>et</span> <span class='ocrx_word' id='word_1_60' title='bbox 1157 718 1234 768; x_wconf 91' lang='lat' dir='ltr'>ipsi</span> <span class='ocrx_word' id='word_1_61' title='bbox 1266 732 1313 755; x_wconf 91' lang='lat' dir='ltr'>ex</span> <span class='ocrx_word' id='word_1_62' title='bbox 1344 719 1480 756; x_wconf 85' lang='lat' dir='ltr'>eodem</span> <span class='ocrx_word' id='word_1_63' title='bbox 1510 720 1621 756; x_wconf 91' lang='lat' dir='ltr'>fonte</span> 
     </span>
     <span class='ocr_line' id='line_1_8' title="bbox 116 785 1621 836; baseline 0 -12"><span class='ocrx_word' id='word_1_64' title='bbox 116 785 181 836; x_wconf 89' lang='lat' dir='ltr'>(B)</span> <span class='ocrx_word' id='word_1_65' title='bbox 214 788 314 824; x_wconf 83' lang='lat' dir='ltr'>male</span> <span class='ocrx_word' id='word_1_66' title='bbox 346 787 526 824; x_wconf 87' lang='lat' dir='ltr'>derivato</span> <span class='ocrx_word' id='word_1_67' title='bbox 553 788 633 824; x_wconf 90' lang='lat' dir='ltr'>orti</span> <span class='ocrx_word' id='word_1_68' title='bbox 656 786 856 824; x_wconf 75' lang='lat' dir='ltr'>videntur.</span> <span class='ocrx_word' id='word_1_69' title='bbox 903 786 1032 832; x_wconf 79' lang='lat' dir='ltr'>Quare</span> <span class='ocrx_word' id='word_1_70' title='bbox 1063 787 1146 823; x_wconf 88' lang='lat' dir='ltr'>eius</span> <span class='ocrx_word' id='word_1_71' title='bbox 1176 787 1406 836; x_wconf 88' lang='lat' dir='ltr'>scripturas,</span> <span class='ocrx_word' id='word_1_72' title='bbox 1440 787 1621 836; x_wconf 86' lang='lat' dir='ltr'>quamvis</span> 
     </span>
     <span class='ocr_line' id='line_1_9' title="bbox 113 853 1622 904; baseline -0.001 -12"><span class='ocrx_word' id='word_1_73' title='bbox 113 859 203 892; x_wconf 86' lang='lat' dir='ltr'>ante</span> <span class='ocrx_word' id='word_1_74' title='bbox 235 855 389 904; x_wconf 83' lang='lat' dir='ltr'>aliquot</span> <span class='ocrx_word' id='word_1_75' title='bbox 419 868 542 892; x_wconf 87' lang='lat' dir='ltr'>annos</span> <span class='ocrx_word' id='word_1_76' title='bbox 573 855 831 901; x_wconf 88' lang='lat' dir='ltr'>enotaverim,</span> <span class='ocrx_word' id='word_1_77' title='bbox 863 854 927 891; x_wconf 89' lang='lat' dir='ltr'>hic</span> <span class='ocrx_word' id='word_1_78' title='bbox 957 853 1161 904; x_wconf 84' lang='lat' dir='ltr'>publicare</span> <span class='ocrx_word' id='word_1_79' title='bbox 1191 855 1332 891; x_wconf 85' lang='lat' dir='ltr'>inutile</span> <span class='ocrx_word' id='word_1_80' title='bbox 1362 855 1460 891; x_wconf 88' lang='lat' dir='ltr'>mihi</span> <span class='ocrx_word' id='word_1_81' title='bbox 1493 855 1622 892; x_wconf 88' lang='lat' dir='ltr'>visum</span> 
     </span>
     <span class='ocr_line' id='line_1_10' title="bbox 113 921 1623 972; baseline -0.001 -12"><span class='ocrx_word' id='word_1_82' title='bbox 113 927 186 961; x_wconf 87' lang='lat' dir='ltr'>est.</span> <span class='ocrx_word' id='word_1_83' title='bbox 245 922 419 960; x_wconf 87' lang='lat' dir='ltr'>Facilius</span> <span class='ocrx_word' id='word_1_84' title='bbox 450 923 570 959; x_wconf 89' lang='lat' dir='ltr'>etiam</span> <span class='ocrx_word' id='word_1_85' title='bbox 601 922 873 969; x_wconf 83' lang='lat' dir='ltr'>excusabitur,</span> <span class='ocrx_word' id='word_1_86' title='bbox 915 921 1024 971; x_wconf 84' lang='lat' dir='ltr'>quod</span> <span class='ocrx_word' id='word_1_87' title='bbox 1061 926 1284 960; x_wconf 86' lang='lat' dir='ltr'>ceterorum</span> <span class='ocrx_word' id='word_1_88' title='bbox 1323 923 1520 970; x_wconf 90' lang='lat' dir='ltr'>codicum,</span> <span class='ocrx_word' id='word_1_89' title='bbox 1555 922 1623 972; x_wconf 90' lang='lat' dir='ltr'>qui</span> 
     </span>
     <span class='ocr_line' id='line_1_11' title="bbox 112 989 1623 1040; baseline 0 -13"><span class='ocrx_word' id='word_1_90' title='bbox 112 990 237 1028; x_wconf 91' lang='lat' dir='ltr'>multo</span> <span class='ocrx_word' id='word_1_91' title='bbox 267 991 508 1028; x_wconf 82' lang='lat' dir='ltr'>recentiores</span> <span class='ocrx_word' id='word_1_92' title='bbox 539 994 630 1027; x_wconf 92' lang='lat' dir='ltr'>sunt</span> <span class='ocrx_word' id='word_1_93' title='bbox 661 994 700 1027; x_wconf 88' lang='lat' dir='ltr'>et</span> <span class='ocrx_word' id='word_1_94' title='bbox 728 990 810 1027; x_wconf 87' lang='lat' dir='ltr'>fere</span> <span class='ocrx_word' id='word_1_95' title='bbox 836 990 910 1027; x_wconf 90' lang='lat' dir='ltr'>XV</span> <span class='ocrx_word' id='word_1_96' title='bbox 938 989 1081 1027; x_wconf 82' lang='lat' dir='ltr'>saeculo</span> <span class='ocrx_word' id='word_1_97' title='bbox 1113 991 1263 1039; x_wconf 88' lang='lat' dir='ltr'>scripti,</span> <span class='ocrx_word' id='word_1_98' title='bbox 1296 991 1513 1040; x_wconf 87' lang='lat' dir='ltr'>scripturas</span> <span class='ocrx_word' id='word_1_99' title='bbox 1544 1003 1623 1027; x_wconf 89' lang='lat' dir='ltr'>non</span> 
     </span>
     <span class='ocr_line' id='line_1_12' title="bbox 114 1057 1623 1108; baseline -0.001 -13"><span class='ocrx_word' id='word_1_100' title='bbox 114 1059 286 1096; x_wconf 83' lang='lat' dir='ltr'>enotavi.</span> <span class='ocrx_word' id='word_1_101' title='bbox 348 1058 523 1105; x_wconf 80' lang='lat' dir='ltr'>Quorum</span> <span class='ocrx_word' id='word_1_102' title='bbox 563 1059 740 1108; x_wconf 85' lang='lat' dir='ltr'>quamvis</span> <span class='ocrx_word' id='word_1_103' title='bbox 778 1059 917 1095; x_wconf 89' lang='lat' dir='ltr'>unicus</span> <span class='ocrx_word' id='word_1_104' title='bbox 955 1061 1149 1107; x_wconf 89' lang='lat' dir='ltr'>patronus</span> <span class='ocrx_word' id='word_1_105' title='bbox 1188 1058 1366 1095; x_wconf 84' lang='lat' dir='ltr'>extiterit</span> <span class='ocrx_word' id='word_1_106' title='bbox 1397 1057 1623 1108; x_wconf 88' lang='lat' dir='ltr'>Geppertus</span> 
     </span>
     <span class='ocr_line' id='line_1_13' title="bbox 117 1123 1622 1176; baseline -0.001 -13"><span class='ocrx_word' id='word_1_107' title='bbox 117 1124 246 1174; x_wconf 87' lang='lat' dir='ltr'>(Stud.</span> <span class='ocrx_word' id='word_1_108' title='bbox 278 1126 408 1163; x_wconf 87' lang='lat' dir='ltr'>Plaut.</span> <span class='ocrx_word' id='word_1_109' title='bbox 440 1126 470 1173; x_wconf 87' lang='lat' dir='ltr'>I,</span> <span class='ocrx_word' id='word_1_110' title='bbox 503 1140 541 1176; x_wconf 92' lang='lat' dir='ltr'>p.</span> <span class='ocrx_word' id='word_1_111' title='bbox 577 1127 627 1163; x_wconf 81' lang='lat'>89</span> <span class='ocrx_word' id='word_1_112' title='bbox 662 1139 748 1175; x_wconf 87' lang='lat' dir='ltr'>sqq.</span> <span class='ocrx_word' id='word_1_113' title='bbox 781 1123 849 1173; x_wconf 85' lang='lat' dir='ltr'>al.)</span> <span class='ocrx_word' id='word_1_114' title='bbox 883 1126 1063 1163; x_wconf 82' lang='lat' dir='ltr'>Italicam</span> <span class='ocrx_word' id='word_1_115' title='bbox 1095 1125 1293 1175; x_wconf 84' lang='lat' dir='ltr'>quandam</span> <span class='ocrx_word' id='word_1_116' title='bbox 1323 1126 1457 1163; x_wconf 87' lang='lat' dir='ltr'>Plauti</span> <span class='ocrx_word' id='word_1_117' title='bbox 1490 1139 1622 1163; x_wconf 89' lang='lat' dir='ltr'>recen-</span> 
     </span>
     <span class='ocr_line' id='line_1_14' title="bbox 115 1193 1622 1243; baseline -0.001 -11"><span class='ocrx_word' id='word_1_118' title='bbox 115 1196 266 1233; x_wconf 86' lang='lat' dir='ltr'>sionem</span> <span class='ocrx_word' id='word_1_119' title='bbox 295 1194 461 1231; x_wconf 88' lang='lat' dir='ltr'>laudans</span> <span class='ocrx_word' id='word_1_120' title='bbox 486 1197 525 1231; x_wconf 86' lang='lat' dir='ltr'>et</span> <span class='ocrx_word' id='word_1_121' title='bbox 548 1194 716 1231; x_wconf 89' lang='lat' dir='ltr'>Parisini</span> <span class='ocrx_word' id='word_1_122' title='bbox 748 1194 895 1231; x_wconf 88' lang='lat' dir='ltr'>codicis</span> <span class='ocrx_word' id='word_1_123' title='bbox 927 1207 949 1230; x_wconf 84' lang='lat' dir='ltr'>a</span> <span class='ocrx_word' id='word_1_124' title='bbox 981 1207 1021 1230; x_wconf 91' lang='lat' dir='ltr'>se</span> <span class='ocrx_word' id='word_1_125' title='bbox 1054 1194 1190 1231; x_wconf 88' lang='lat' dir='ltr'>collati</span> <span class='ocrx_word' id='word_1_126' title='bbox 1219 1194 1361 1231; x_wconf 90' lang='lat' dir='ltr'>merita</span> <span class='ocrx_word' id='word_1_127' title='bbox 1391 1193 1622 1243; x_wconf 78' lang='lat' dir='ltr'>praedicans,</span> 
     </span>
     <span class='ocr_line' id='line_1_15' title="bbox 114 1261 1625 1312; baseline -0.001 -13"><span class='ocrx_word' id='word_1_128' title='bbox 114 1263 212 1300; x_wconf 90' lang='lat' dir='ltr'>nihil</span> <span class='ocrx_word' id='word_1_129' title='bbox 248 1266 381 1299; x_wconf 87' lang='lat' dir='ltr'>tamen</span> <span class='ocrx_word' id='word_1_130' title='bbox 420 1262 576 1309; x_wconf 87' lang='lat' dir='ltr'>attulit,</span> <span class='ocrx_word' id='word_1_131' title='bbox 620 1276 696 1312; x_wconf 91' lang='lat' dir='ltr'>quo</span> <span class='ocrx_word' id='word_1_132' title='bbox 738 1262 1028 1309; x_wconf 85' lang='lat' dir='ltr'>dubitaremus,</span> <span class='ocrx_word' id='word_1_133' title='bbox 1062 1262 1158 1311; x_wconf 89' lang='lat' dir='ltr'>quin</span> <span class='ocrx_word' id='word_1_134' title='bbox 1190 1274 1213 1298; x_wconf 90' lang='lat' dir='ltr'>a</span> <span class='ocrx_word' id='word_1_135' title='bbox 1242 1261 1329 1299; x_wconf 90' lang='lat' dir='ltr'>cod.</span> <span class='ocrx_word' id='word_1_136' title='bbox 1362 1261 1398 1299; x_wconf 93' lang='lat' dir='ltr'>D</span> <span class='ocrx_word' id='word_1_137' title='bbox 1430 1262 1625 1310; x_wconf 83' lang='lat' dir='ltr'>originem</span> 
     </span>
     <span class='ocr_line' id='line_1_16' title="bbox 114 1329 1624 1380; baseline -0.001 -13"><span class='ocrx_word' id='word_1_138' title='bbox 114 1330 290 1367; x_wconf 86' lang='lat' dir='ltr'>trahant.</span> <span class='ocrx_word' id='word_1_139' title='bbox 350 1330 451 1367; x_wconf 86' lang='lat' dir='ltr'>Nam</span> <span class='ocrx_word' id='word_1_140' title='bbox 488 1330 614 1367; x_wconf 87' lang='lat' dir='ltr'>sicubi</span> <span class='ocrx_word' id='word_1_141' title='bbox 650 1332 810 1368; x_wconf 87' lang='lat' dir='ltr'>veriora</span> <span class='ocrx_word' id='word_1_142' title='bbox 846 1330 1044 1380; x_wconf 78' lang='lat' dir='ltr'>praebent,</span> <span class='ocrx_word' id='word_1_143' title='bbox 1084 1329 1168 1366; x_wconf 88' lang='lat' dir='ltr'>haec</span> <span class='ocrx_word' id='word_1_144' title='bbox 1207 1332 1275 1366; x_wconf 84' lang='lat' dir='ltr'>aut</span> <span class='ocrx_word' id='word_1_145' title='bbox 1310 1329 1417 1366; x_wconf 84' lang='lat' dir='ltr'>felici</span> <span class='ocrx_word' id='word_1_146' title='bbox 1447 1330 1624 1367; x_wconf 87' lang='lat' dir='ltr'>virorum</span> 
     </span>
     <span class='ocr_line' id='line_1_17' title="bbox 117 1397 1622 1446; baseline -0.003 -10"><span class='ocrx_word' id='word_1_147' title='bbox 117 1398 325 1436; x_wconf 85' lang='lat' dir='ltr'>doctorum</span> <span class='ocrx_word' id='word_1_148' title='bbox 384 1398 609 1435; x_wconf 85' lang='lat' dir='ltr'>coniectura</span> <span class='ocrx_word' id='word_1_149' title='bbox 667 1399 830 1436; x_wconf 85' lang='lat' dir='ltr'>inventa</span> <span class='ocrx_word' id='word_1_150' title='bbox 889 1401 980 1436; x_wconf 87' lang='lat' dir='ltr'>sunt</span> <span class='ocrx_word' id='word_1_151' title='bbox 1039 1400 1109 1434; x_wconf 88' lang='lat' dir='ltr'>aut</span> <span class='ocrx_word' id='word_1_152' title='bbox 1161 1410 1208 1434; x_wconf 87' lang='lat' dir='ltr'>ex</span> <span class='ocrx_word' id='word_1_153' title='bbox 1260 1397 1622 1446; x_wconf 86' lang='lat' dir='ltr'>grammaticorum,</span> 
     </span>
     <span class='ocr_line' id='line_1_18' title="bbox 116 1465 1624 1514; baseline -0.001 -10"><span class='ocrx_word' id='word_1_154' title='bbox 116 1467 284 1504; x_wconf 85' lang='lat' dir='ltr'>maxime</span> <span class='ocrx_word' id='word_1_155' title='bbox 314 1465 434 1502; x_wconf 90' lang='lat' dir='ltr'>Nonii</span> <span class='ocrx_word' id='word_1_156' title='bbox 465 1469 504 1502; x_wconf 90' lang='lat' dir='ltr'>et</span> <span class='ocrx_word' id='word_1_157' title='bbox 532 1465 744 1513; x_wconf 85' lang='lat' dir='ltr'>Prisciani,</span> <span class='ocrx_word' id='word_1_158' title='bbox 776 1466 889 1503; x_wconf 87' lang='lat' dir='ltr'>libris</span> <span class='ocrx_word' id='word_1_159' title='bbox 921 1465 1141 1512; x_wconf 82' lang='lat' dir='ltr'>fluxerunt3</span> <span class='ocrx_word' id='word_1_160' title='bbox 1173 1478 1245 1514; x_wconf 85' lang='lat' dir='ltr'>pro</span> <span class='ocrx_word' id='word_1_161' title='bbox 1276 1465 1504 1502; x_wconf 85' lang='lat' dir='ltr'>testimonio</span> <span class='ocrx_word' id='word_1_162' title='bbox 1540 1477 1624 1502; x_wconf 83' lang='lat' dir='ltr'>esse</span> 
     </span>
     <span class='ocr_line' id='line_1_19' title="bbox 116 1537 405 1583; baseline -0.003 -11"><span class='ocrx_word' id='word_1_163' title='bbox 116 1547 197 1572; x_wconf 90' lang='lat' dir='ltr'>non</span> <span class='ocrx_word' id='word_1_164' title='bbox 226 1537 405 1583; x_wconf 87' lang='lat' dir='ltr'>possunt.</span> 
     </span>
    </p>

    <p class='ocr_par' dir='ltr' id='par_1_3' title="bbox 117 1600 1629 2804">
     <span class='ocr_line' id='line_1_20' title="bbox 232 1600 1626 1651; baseline -0.001 -13"><span class='ocrx_word' id='word_1_165' title='bbox 232 1601 414 1649; x_wconf 91' lang='lat' dir='ltr'>Duobus,</span> <span class='ocrx_word' id='word_1_166' title='bbox 443 1615 542 1651; x_wconf 90' lang='lat' dir='ltr'>quos</span> <span class='ocrx_word' id='word_1_167' title='bbox 575 1602 795 1650; x_wconf 85' lang='lat' dir='ltr'>sequendos</span> <span class='ocrx_word' id='word_1_168' title='bbox 828 1602 1034 1651; x_wconf 86' lang='lat' dir='ltr'>elegimus,</span> <span class='ocrx_word' id='word_1_169' title='bbox 1069 1601 1269 1638; x_wconf 85' lang='lat' dir='ltr'>codicibus</span> <span class='ocrx_word' id='word_1_170' title='bbox 1299 1601 1442 1638; x_wconf 88' lang='lat' dir='ltr'>tertius</span> <span class='ocrx_word' id='word_1_171' title='bbox 1474 1600 1626 1638; x_wconf 85' lang='lat' dir='ltr'>accedit</span> 
     </span>
     <span class='ocr_line' id='line_1_21' title="bbox 117 1666 1626 1720; baseline -0.001 -14"><span class='ocrx_word' id='word_1_172' title='bbox 117 1670 476 1720; x_wconf 87' lang='lat' dir='ltr'>palimpsestus</span> <span class='ocrx_word' id='word_1_173' title='bbox 521 1669 878 1707; x_wconf 83' lang='lat' dir='ltr'>Ambrosianus</span> <span class='ocrx_word' id='word_1_174' title='bbox 927 1668 1094 1716; x_wconf 86' lang='lat' dir='ltr'>(Ritsch.</span> <span class='ocrx_word' id='word_1_175' title='bbox 1141 1666 1215 1716; x_wconf 87' lang='lat' dir='ltr'>A),</span> <span class='ocrx_word' id='word_1_176' title='bbox 1264 1670 1345 1716; x_wconf 90' lang='lat' dir='ltr'>cui,</span> <span class='ocrx_word' id='word_1_177' title='bbox 1395 1669 1426 1705; x_wconf 90' lang='lat' dir='ltr'>si</span> <span class='ocrx_word' id='word_1_178' title='bbox 1470 1669 1626 1716; x_wconf 82' lang='lat' dir='ltr'>integer</span> 
     </span>
     <span class='ocr_line' id='line_1_22' title="bbox 119 1736 1626 1787; baseline -0.001 -12"><span class='ocrx_word' id='word_1_179' title='bbox 119 1741 292 1785; x_wconf 82' lang='lat' dir='ltr'>extaret,</span> <span class='ocrx_word' id='word_1_180' title='bbox 324 1738 389 1774; x_wconf 88' lang='lat' dir='ltr'>vel</span> <span class='ocrx_word' id='word_1_181' title='bbox 418 1741 584 1787; x_wconf 88' lang='lat' dir='ltr'>propter</span> <span class='ocrx_word' id='word_1_182' title='bbox 616 1738 893 1787; x_wconf 85' lang='lat' dir='ltr'>antiquitatem</span> <span class='ocrx_word' id='word_1_183' title='bbox 923 1757 980 1762; x_wconf 91' lang='lat'>—</span> <span class='ocrx_word' id='word_1_184' title='bbox 1008 1750 1100 1773; x_wconf 85' lang='lat' dir='ltr'>nam</span> <span class='ocrx_word' id='word_1_185' title='bbox 1133 1737 1273 1786; x_wconf 88' lang='lat' dir='ltr'>quinto</span> <span class='ocrx_word' id='word_1_186' title='bbox 1304 1739 1397 1787; x_wconf 86' lang='lat' dir='ltr'>post</span> <span class='ocrx_word' id='word_1_187' title='bbox 1428 1736 1626 1774; x_wconf 88' lang='lat' dir='ltr'>Christum</span> 
     </span>
     <span class='ocr_line' id='line_1_23' title="bbox 118 1804 1624 1855; baseline -0.001 -13"><span class='ocrx_word' id='word_1_188' title='bbox 118 1809 254 1843; x_wconf 88' lang='lat' dir='ltr'>natum</span> <span class='ocrx_word' id='word_1_189' title='bbox 299 1806 441 1843; x_wconf 89' lang='lat' dir='ltr'>saeculo</span> <span class='ocrx_word' id='word_1_190' title='bbox 486 1806 657 1855; x_wconf 86' lang='lat' dir='ltr'>scriptus</span> <span class='ocrx_word' id='word_1_191' title='bbox 700 1805 861 1842; x_wconf 86' lang='lat' dir='ltr'>videtur</span> <span class='ocrx_word' id='word_1_192' title='bbox 897 1825 955 1829; x_wconf 93' lang='lat'><strong>—</strong></span> <span class='ocrx_word' id='word_1_193' title='bbox 991 1805 1144 1854; x_wconf 87' lang='lat' dir='ltr'>primus</span> <span class='ocrx_word' id='word_1_194' title='bbox 1183 1806 1357 1841; x_wconf 90' lang='lat' dir='ltr'>omnium</span> <span class='ocrx_word' id='word_1_195' title='bbox 1401 1804 1510 1841; x_wconf 89' lang='lat' dir='ltr'>locus</span> <span class='ocrx_word' id='word_1_196' title='bbox 1554 1804 1624 1840; x_wconf 91' lang='lat' dir='ltr'>tri-</span> 
     </span>
     <span class='ocr_line' id='line_1_24' title="bbox 118 1871 1627 1922; baseline -0.003 -11"><span class='ocrx_word' id='word_1_197' title='bbox 118 1873 297 1911; x_wconf 87' lang='lat' dir='ltr'>buendus</span> <span class='ocrx_word' id='word_1_198' title='bbox 336 1876 438 1920; x_wconf 77' lang='lat' dir='ltr'>erat,</span> <span class='ocrx_word' id='word_1_199' title='bbox 486 1873 557 1910; x_wconf 88' lang='lat' dir='ltr'>sed</span> <span class='ocrx_word' id='word_1_200' title='bbox 600 1873 807 1920; x_wconf 84' lang='lat' dir='ltr'>librarius,</span> <span class='ocrx_word' id='word_1_201' title='bbox 855 1873 923 1922; x_wconf 91' lang='lat' dir='ltr'>qui</span> <span class='ocrx_word' id='word_1_202' title='bbox 968 1876 1106 1909; x_wconf 86' lang='lat' dir='ltr'>octavo</span> <span class='ocrx_word' id='word_1_203' title='bbox 1151 1871 1234 1909; x_wconf 82' lang='lat' dir='ltr'>fere</span> <span class='ocrx_word' id='word_1_204' title='bbox 1274 1872 1418 1910; x_wconf 87' lang='lat' dir='ltr'>saeculo</span> <span class='ocrx_word' id='word_1_205' title='bbox 1458 1872 1627 1909; x_wconf 86' lang='lat' dir='ltr'>aliarum</span> 
     </span>
     <span class='ocr_line' id='line_1_25' title="bbox 119 1938 1626 1990; baseline -0.002 -12"><span class='ocrx_word' id='word_1_206' title='bbox 119 1941 437 1979; x_wconf 87' lang='lat' dir='ltr'>membranarum</span> <span class='ocrx_word' id='word_1_207' title='bbox 481 1941 615 1990; x_wconf 88' lang='lat' dir='ltr'>inopia</span> <span class='ocrx_word' id='word_1_208' title='bbox 657 1941 833 1978; x_wconf 83' lang='lat' dir='ltr'>Plautini</span> <span class='ocrx_word' id='word_1_209' title='bbox 879 1940 1023 1977; x_wconf 84' lang='lat' dir='ltr'>codicis</span> <span class='ocrx_word' id='word_1_210' title='bbox 1067 1940 1174 1977; x_wconf 90' lang='lat' dir='ltr'>foliis</span> <span class='ocrx_word' id='word_1_211' title='bbox 1218 1954 1311 1978; x_wconf 84' lang='lat' dir='ltr'>usus</span> <span class='ocrx_word' id='word_1_212' title='bbox 1357 1943 1436 1986; x_wconf 86' lang='lat' dir='ltr'>est,</span> <span class='ocrx_word' id='word_1_213' title='bbox 1484 1938 1626 1989; x_wconf 86' lang='lat' dir='ltr'>quibus</span> 
     </span>
     <span class='ocr_line' id='line_1_26' title="bbox 120 2007 1628 2057; baseline -0.003 -10"><span class='ocrx_word' id='word_1_214' title='bbox 120 2011 243 2048; x_wconf 76' lang='lat' dir='ltr'>Vetus</span> <span class='ocrx_word' id='word_1_215' title='bbox 287 2010 580 2047; x_wconf 87' lang='lat' dir='ltr'>Testamentum</span> <span class='ocrx_word' id='word_1_216' title='bbox 625 2009 767 2046; x_wconf 85' lang='lat' dir='ltr'>Latine</span> <span class='ocrx_word' id='word_1_217' title='bbox 819 2022 977 2046; x_wconf 84' lang='lat' dir='ltr'>versum</span> <span class='ocrx_word' id='word_1_218' title='bbox 1030 2008 1240 2055; x_wconf 87' lang='lat' dir='ltr'>scriberet,</span> <span class='ocrx_word' id='word_1_219' title='bbox 1288 2007 1419 2044; x_wconf 86' lang='lat' dir='ltr'>deleta</span> <span class='ocrx_word' id='word_1_220' title='bbox 1464 2007 1628 2057; x_wconf 84' lang='lat' dir='ltr'>antiqua</span> 
     </span>
     <span class='ocr_line' id='line_1_27' title="bbox 121 2074 1627 2127; baseline -0.003 -12"><span class='ocrx_word' id='word_1_221' title='bbox 121 2078 335 2127; x_wconf 86' lang='lat' dir='ltr'>scriptura,</span> <span class='ocrx_word' id='word_1_222' title='bbox 368 2077 556 2127; x_wconf 89' lang='lat' dir='ltr'>reliquias</span> <span class='ocrx_word' id='word_1_223' title='bbox 588 2078 670 2114; x_wconf 89' lang='lat' dir='ltr'>eius</span> <span class='ocrx_word' id='word_1_224' title='bbox 701 2077 811 2114; x_wconf 84' lang='lat' dir='ltr'>novis</span> <span class='ocrx_word' id='word_1_225' title='bbox 842 2077 989 2114; x_wconf 88' lang='lat' dir='ltr'>litteris</span> <span class='ocrx_word' id='word_1_226' title='bbox 1030 2076 1271 2112; x_wconf 82' lang='lat' dir='ltr'>crassissimo</span> <span class='ocrx_word' id='word_1_227' title='bbox 1311 2075 1459 2113; x_wconf 86' lang='lat' dir='ltr'>calamo</span> <span class='ocrx_word' id='word_1_228' title='bbox 1498 2074 1627 2111; x_wconf 88' lang='lat' dir='ltr'>ductis</span> 
     </span>
     <span class='ocr_line' id='line_1_28' title="bbox 121 2142 1628 2195; baseline -0.003 -12"><span class='ocrx_word' id='word_1_229' title='bbox 121 2146 179 2183; x_wconf 84' lang='lat' dir='ltr'>ita</span> <span class='ocrx_word' id='word_1_230' title='bbox 215 2146 444 2192; x_wconf 86' lang='lat' dir='ltr'>occultavit,</span> <span class='ocrx_word' id='word_1_231' title='bbox 484 2149 530 2182; x_wconf 93' lang='lat' dir='ltr'>ut</span> <span class='ocrx_word' id='word_1_232' title='bbox 566 2158 767 2195; x_wconf 85' lang='lat' dir='ltr'>perpauca</span> <span class='ocrx_word' id='word_1_233' title='bbox 803 2145 924 2182; x_wconf 86' lang='lat' dir='ltr'>hodie</span> <span class='ocrx_word' id='word_1_234' title='bbox 961 2144 1041 2192; x_wconf 87' lang='lat' dir='ltr'>legi</span> <span class='ocrx_word' id='word_1_235' title='bbox 1077 2144 1242 2192; x_wconf 89' lang='lat' dir='ltr'>possint.</span> <span class='ocrx_word' id='word_1_236' title='bbox 1305 2142 1391 2189; x_wconf 80' lang='lat' dir='ltr'>Qua</span> <span class='ocrx_word' id='word_1_237' title='bbox 1427 2156 1470 2180; x_wconf 89' lang='lat' dir='ltr'>re</span> <span class='ocrx_word' id='word_1_238' title='bbox 1510 2155 1628 2192; x_wconf 89' lang='lat' dir='ltr'>quam</span> 
     </span>
     <span class='ocr_line' id='line_1_29' title="bbox 121 2211 1628 2264; baseline -0.003 -13"><span class='ocrx_word' id='word_1_239' title='bbox 121 2215 343 2264; x_wconf 88' lang='lat' dir='ltr'>pretiosum</span> <span class='ocrx_word' id='word_1_240' title='bbox 369 2214 589 2251; x_wconf 83' lang='lat' dir='ltr'>subsidium</span> <span class='ocrx_word' id='word_1_241' title='bbox 614 2214 798 2250; x_wconf 88' lang='lat' dir='ltr'>amissum</span> <span class='ocrx_word' id='word_1_242' title='bbox 823 2214 887 2259; x_wconf 84' lang='lat' dir='ltr'>sit,</span> <span class='ocrx_word' id='word_1_243' title='bbox 915 2212 1066 2258; x_wconf 85' lang='lat' dir='ltr'>mutila,</span> <span class='ocrx_word' id='word_1_244' title='bbox 1096 2223 1182 2260; x_wconf 88' lang='lat' dir='ltr'>quae</span> <span class='ocrx_word' id='word_1_245' title='bbox 1215 2214 1363 2257; x_wconf 82' lang='lat' dir='ltr'>extant,</span> <span class='ocrx_word' id='word_1_246' title='bbox 1398 2213 1438 2247; x_wconf 92' lang='lat' dir='ltr'>et</span> <span class='ocrx_word' id='word_1_247' title='bbox 1466 2211 1628 2246; x_wconf 80' lang='lat' dir='ltr'>incertae</span> 
     </span>
     <span class='ocr_line' id='line_1_30' title="bbox 121 2278 1628 2329; baseline -0.003 -11"><span class='ocrx_word' id='word_1_248' title='bbox 121 2281 304 2319; x_wconf 89' lang='lat' dir='ltr'>lectionis</span> <span class='ocrx_word' id='word_1_249' title='bbox 335 2281 557 2329; x_wconf 84' lang='lat' dir='ltr'>fragmenta</span> <span class='ocrx_word' id='word_1_250' title='bbox 587 2280 824 2326; x_wconf 75' lang='lat' dir='ltr'>ostendunt3</span> <span class='ocrx_word' id='word_1_251' title='bbox 856 2293 947 2316; x_wconf 90' lang='lat' dir='ltr'>nam</span> <span class='ocrx_word' id='word_1_252' title='bbox 978 2279 1042 2316; x_wconf 91' lang='lat' dir='ltr'>vel</span> <span class='ocrx_word' id='word_1_253' title='bbox 1073 2292 1121 2315; x_wconf 84' lang='lat' dir='ltr'>ex</span> <span class='ocrx_word' id='word_1_254' title='bbox 1150 2278 1213 2315; x_wconf 87' lang='lat' dir='ltr'>his</span> <span class='ocrx_word' id='word_1_255' title='bbox 1245 2281 1284 2315; x_wconf 91' lang='lat' dir='ltr'>et</span> <span class='ocrx_word' id='word_1_256' title='bbox 1314 2278 1459 2325; x_wconf 84' lang='lat' dir='ltr'>integri</span> <span class='ocrx_word' id='word_1_257' title='bbox 1490 2289 1628 2314; x_wconf 86' lang='lat' dir='ltr'>versus</span> 
     </span>
     <span class='ocr_line' id='line_1_31' title="bbox 123 2345 1629 2398; baseline -0.004 -12"><span class='ocrx_word' id='word_1_258' title='bbox 123 2349 209 2386; x_wconf 88' lang='lat' dir='ltr'>erui</span> <span class='ocrx_word' id='word_1_259' title='bbox 239 2352 475 2398; x_wconf 87' lang='lat' dir='ltr'>potuerunt,</span> <span class='ocrx_word' id='word_1_260' title='bbox 517 2349 584 2398; x_wconf 90' lang='lat' dir='ltr'>qui</span> <span class='ocrx_word' id='word_1_261' title='bbox 621 2349 663 2385; x_wconf 87' lang='lat' dir='ltr'>in</span> <span class='ocrx_word' id='word_1_262' title='bbox 701 2348 843 2385; x_wconf 85' lang='lat' dir='ltr'>ceteris</span> <span class='ocrx_word' id='word_1_263' title='bbox 882 2346 1084 2384; x_wconf 83' lang='lat' dir='ltr'>codicibus</span> <span class='ocrx_word' id='word_1_264' title='bbox 1122 2345 1368 2392; x_wconf 83' lang='lat' dir='ltr'>exciderant,</span> <span class='ocrx_word' id='word_1_265' title='bbox 1407 2348 1445 2382; x_wconf 91' lang='lat' dir='ltr'>et</span> <span class='ocrx_word' id='word_1_266' title='bbox 1475 2357 1629 2381; x_wconf 85' lang='lat' dir='ltr'>errores</span> 
     </span>
     <span class='ocr_line' id='line_1_32' title="bbox 124 2411 1629 2466; baseline -0.004 -13"><span class='ocrx_word' id='word_1_267' title='bbox 124 2416 321 2454; x_wconf 84' lang='lat' dir='ltr'>emendati</span> <span class='ocrx_word' id='word_1_268' title='bbox 350 2429 566 2466; x_wconf 85' lang='lat' dir='ltr'>versusque</span> <span class='ocrx_word' id='word_1_269' title='bbox 596 2416 743 2452; x_wconf 88' lang='lat' dir='ltr'>rectius</span> <span class='ocrx_word' id='word_1_270' title='bbox 775 2415 963 2463; x_wconf 85' lang='lat' dir='ltr'>descripti</span> <span class='ocrx_word' id='word_1_271' title='bbox 994 2417 1096 2450; x_wconf 73' lang='lat' dir='ltr'>sunt.</span> <span class='ocrx_word' id='word_1_272' title='bbox 1157 2413 1290 2450; x_wconf 88' lang='lat' dir='ltr'>Facile</span> <span class='ocrx_word' id='word_1_273' title='bbox 1329 2415 1494 2462; x_wconf 86' lang='lat' dir='ltr'>apparet</span> <span class='ocrx_word' id='word_1_274' title='bbox 1525 2411 1629 2447; x_wconf 90' lang='lat' dir='ltr'>hunc</span> 
     </span>
     <span class='ocr_line' id='line_1_33' title="bbox 124 2480 1629 2532; baseline -0.005 -10"><span class='ocrx_word' id='word_1_275' title='bbox 124 2484 298 2522; x_wconf 80' lang='lat' dir='ltr'>codicem</span> <span class='ocrx_word' id='word_1_276' title='bbox 322 2484 467 2521; x_wconf 86' lang='lat' dir='ltr'>nostris</span> <span class='ocrx_word' id='word_1_277' title='bbox 491 2484 745 2532; x_wconf 83' lang='lat' dir='ltr'>integriorem</span> <span class='ocrx_word' id='word_1_278' title='bbox 769 2482 906 2528; x_wconf 75' lang='lat' dir='ltr'>fuisse,</span> <span class='ocrx_word' id='word_1_279' title='bbox 939 2481 1007 2518; x_wconf 86' lang='lat' dir='ltr'>sed</span> <span class='ocrx_word' id='word_1_280' title='bbox 1030 2480 1131 2517; x_wconf 87' lang='lat' dir='ltr'>illud</span> <span class='ocrx_word' id='word_1_281' title='bbox 1156 2493 1313 2530; x_wconf 90' lang='lat' dir='ltr'>quoque</span> <span class='ocrx_word' id='word_1_282' title='bbox 1338 2482 1516 2529; x_wconf 85' lang='lat' dir='ltr'>apparet,</span> <span class='ocrx_word' id='word_1_283' title='bbox 1548 2491 1629 2515; x_wconf 90' lang='lat' dir='ltr'>non</span> 
     </span>
     <span class='ocr_line' id='line_1_34' title="bbox 125 2546 1628 2598; baseline -0.005 -9"><span class='ocrx_word' id='word_1_284' title='bbox 125 2552 300 2589; x_wconf 84' lang='lat' dir='ltr'>eiusdem</span> <span class='ocrx_word' id='word_1_285' title='bbox 330 2551 568 2589; x_wconf 82' lang='lat' dir='ltr'>recensionis</span> <span class='ocrx_word' id='word_1_286' title='bbox 600 2551 719 2587; x_wconf 88' lang='lat' dir='ltr'>fuisse</span> <span class='ocrx_word' id='word_1_287' title='bbox 750 2563 820 2586; x_wconf 91' lang='lat' dir='ltr'>nec</span> <span class='ocrx_word' id='word_1_288' title='bbox 851 2563 924 2598; x_wconf 87' lang='lat' dir='ltr'>pro</span> <span class='ocrx_word' id='word_1_289' title='bbox 949 2549 1057 2585; x_wconf 87' lang='lat' dir='ltr'>fonte</span> <span class='ocrx_word' id='word_1_290' title='bbox 1081 2552 1307 2586; x_wconf 86' lang='lat' dir='ltr'>ceterorum</span> <span class='ocrx_word' id='word_1_291' title='bbox 1330 2546 1468 2583; x_wconf 89' lang='lat' dir='ltr'>haberi</span> <span class='ocrx_word' id='word_1_292' title='bbox 1491 2558 1628 2595; x_wconf 86' lang='lat' dir='ltr'>posse;</span> 
     </span>
     <span class='ocr_line' id='line_1_35' title="bbox 125 2614 1628 2669; baseline -0.005 -12"><span class='ocrx_word' id='word_1_293' title='bbox 125 2620 244 2656; x_wconf 87' lang='lat' dir='ltr'>immo</span> <span class='ocrx_word' id='word_1_294' title='bbox 276 2621 359 2657; x_wconf 84' lang='lat' dir='ltr'>eius</span> <span class='ocrx_word' id='word_1_295' title='bbox 391 2632 548 2669; x_wconf 91' lang='lat' dir='ltr'>quoque</span> <span class='ocrx_word' id='word_1_296' title='bbox 580 2631 731 2655; x_wconf 90' lang='lat' dir='ltr'>errores</span> <span class='ocrx_word' id='word_1_297' title='bbox 769 2617 969 2654; x_wconf 85' lang='lat' dir='ltr'>interdum</span> <span class='ocrx_word' id='word_1_298' title='bbox 1008 2619 1231 2653; x_wconf 86' lang='lat' dir='ltr'>ceterorum</span> <span class='ocrx_word' id='word_1_299' title='bbox 1269 2614 1496 2652; x_wconf 86' lang='lat' dir='ltr'>testimonio</span> <span class='ocrx_word' id='word_1_300' title='bbox 1537 2626 1628 2651; x_wconf 88' lang='lat' dir='ltr'>con-</span> 
     </span>
     <span class='ocr_line' id='line_1_36' title="bbox 125 2680 1628 2735; baseline -0.005 -11"><span class='ocrx_word' id='word_1_301' title='bbox 125 2688 358 2734; x_wconf 82' lang='lat' dir='ltr'>vincuntur,</span> <span class='ocrx_word' id='word_1_302' title='bbox 399 2699 471 2724; x_wconf 91' lang='lat' dir='ltr'>nec</span> <span class='ocrx_word' id='word_1_303' title='bbox 511 2699 667 2735; x_wconf 87' lang='lat' dir='ltr'>semper</span> <span class='ocrx_word' id='word_1_304' title='bbox 705 2686 1054 2733; x_wconf 85' lang='lat' dir='ltr'>grammaticorum</span> <span class='ocrx_word' id='word_1_305' title='bbox 1097 2684 1256 2733; x_wconf 89' lang='lat' dir='ltr'>ingenio</span> <span class='ocrx_word' id='word_1_306' title='bbox 1300 2682 1399 2720; x_wconf 88' lang='lat' dir='ltr'>tales</span> <span class='ocrx_word' id='word_1_307' title='bbox 1446 2680 1628 2718; x_wconf 81' lang='lat' dir='ltr'>emenda-</span> 
     </span>
     <span class='ocr_line' id='line_1_37' title="bbox 126 2754 629 2804; baseline -0.004 -12"><span class='ocrx_word' id='word_1_308' title='bbox 126 2756 256 2792; x_wconf 86' lang='lat' dir='ltr'>tiones</span> <span class='ocrx_word' id='word_1_309' title='bbox 287 2754 422 2792; x_wconf 87' lang='lat' dir='ltr'>deberi</span> <span class='ocrx_word' id='word_1_310' title='bbox 451 2757 629 2804; x_wconf 86' lang='lat' dir='ltr'>possunt.</span> 
     </span>
    </p>
   </div>
  </div>
 </body>
</html>
