1926 3275
275 288 325 325 532
957 281 1076 314 Plauti
1472 280 1516 321 II,
1537 282 1568 322 2,
1587 281 1765 314 176—187

877 406 1165 447 Alcumena

706 478 755 519 In
787 478 938 519 eodem
967 477 1079 518 lecto
1112 481 1257 518 tecum
1286 490 1374 517 una
1402 476 1447 517 in
1480 476 1694 517 cubiculo.

864 549 901 589 A
910 564 951 589 m
960 564 986 602 p
997 549 1025 589 h
1034 549 1048 589 i
1057 553 1074 590 t
1082 564 1103 589 r
1112 564 1140 590 u
1150 563 1173 590 Ο

273 607 517 648 Perdidisti.

944 677 1095 718 Sosia

545 734 657 784 Quid
686 734 838 775 tibist?

864 805 1178 858 Amphitruo

846 877 965 917 Haec
995 891 1062 917 me
1093 876 1220 917 modo
1252 875 1307 916 ad
1337 879 1520 917 mortem
1551 875 1682 916 dedit.

877 947 1058 988 Aleum
1070 962 1128 988 en
1140 961 1166 988 a

275 1004 387 1054 Quid
416 1005 513 1055 iam,
546 1004 731 1045 amabo?

864 1076 901 1116 A
910 1091 951 1116 m
963 1090 989 1129 p
999 1075 1027 1115 h
1036 1076 1049 1115 i
1058 1079 1075 1116 t
1085 1090 1106 1115 r
1115 1090 1143 1116 u
1153 1090 1176 1116 O

735 1147 798 1188 Ne
830 1161 896 1188 me
928 1146 1113 1200 appella.

943 1233 970 1275 S
983 1247 1006 1274 O
1018 1247 1036 1274 S
1046 1233 1059 1273 i
1069 1247 1095 1273 a

1118 1303 1230 1354 Quid
1260 1304 1385 1345 tibist
1395 1305 1415 1345 Ῥ

865 1392 902 1432 Α
911 1406 952 1432 m
962 1406 988 1444 p
998 1391 1027 1431 h
1036 1391 1050 1431 i
1060 1395 1106 1431 tr
1115 1405 1143 1431 u
1154 1405 1177 1431 ο

1435 1447 1551 1488 Perii
1581 1448 1724 1499 miser,

274 1520 384 1570 Quia
415 1520 649 1573 pudicitiae
680 1519 805 1560 huius
837 1518 991 1559 uitium
1022 1532 1088 1559 me
1120 1518 1220 1558 hinc
1252 1518 1476 1559 absentest
1507 1519 1716 1560 additum.

876 1604 936 1645 Al
947 1619 968 1645 c
978 1620 1005 1645 u
1015 1620 1057 1645 m
1067 1619 1088 1645 e
1100 1619 1127 1645 n
1140 1618 1166 1645 a

275 1676 464 1718 Obsecro
497 1681 679 1727 ecastor,
711 1691 786 1717 cur
817 1677 941 1726 istm),
974 1677 1032 1716 mi
1062 1676 1141 1727 uir,
1174 1689 1225 1716 ex
1254 1679 1298 1716 ‘ce
1331 1676 1459 1718 audio
1472 1678 1491 1717 ‘?
1702 1684 1770 1717 805

865 1761 1179 1815 Amphitruo

273 1834 349 1874 Uir
381 1848 458 1887 ego
490 1838 589 1875 tuus
621 1835 730 1875 sim?
761 1834 825 1875 Ne
857 1847 923 1874 me
956 1833 1140 1887 appella,
1173 1832 1297 1885 falsa,
1329 1832 1437 1875 salso
1469 1836 1652 1877 nomine.

948 1919 1098 1961 Sosia

277 1990 441 2030 Haeret
470 1990 576 2031 haec
606 2005 687 2041 res,
721 1992 756 2031 si
787 1990 960 2044 quidem
983 1991 1090 2032 haec
1114 1992 1201 2032 iam
1225 1991 1380 2033 mulier
1402 1991 1564 2033 factast
1587 2006 1637 2033 ex
1660 1992 1768 2032 uiro.

882 2076 1167 2119 Alcumena

280 2146 389 2196 Quid
421 2161 498 2199 ego
529 2146 625 2197 feci,
659 2161 743 2200 qua
773 2147 909 2188 istaec
940 2154 1119 2202 propter
1151 2149 1268 2190 dicta
1300 2149 1500 2190 dicantur
1531 2150 1664 2191 mihi?

867 2234 1180 2287 Amphitruo

279 2302 387 2342 Tute
420 2303 584 2343 edictas
616 2303 732 2343 facta
762 2308 856 2354 tua3
890 2318 941 2344 ex
974 2320 1040 2345 me
1072 2307 1256 2358 quaeris,
1289 2307 1392 2360 quid
1422 2306 1685 2359 deliqueris?

881 2390 1168 2432 Alcumena

281 2457 391 2506 Quid
424 2473 500 2509 ego
533 2459 611 2500 tibi
643 2459 814 2513 deliqui,
849 2461 884 2501 si
917 2463 1017 2513 quoi
1048 2466 1185 2515 nupta
1216 2477 1309 2504 sum
1340 2468 1485 2505 tecum
1515 2462 1606 2503 fui?
1703 2467 1771 2500 810

871 2545 1180 2599 Amphitruo

281 2612 372 2652 Tun
406 2627 570 2653 meeum
600 2614 759 2655 fueris‘?
792 2617 903 2666 Quid
934 2617 1034 2658 illac
1066 2619 1301 2671 inpudente
1334 2619 1594 2661 audaciust‘?

283 2682 455 2735 Saltem,
487 2688 577 2724 tute
610 2686 645 2725 si
678 2686 854 2738 pudoris
886 2701 1025 2739 egem,
1057 2703 1199 2730 sumas
1230 2694 1437 2731 mutuum.

371 2837 438 2868 &04
463 2835 522 2868 hio
616 2838 681 2869 806
707 2836 796 2870 falso
822 2838 915 2872 falso
940 2840 1098 2873 momine
1192 2843 1258 2875 810
1283 2842 1430 2886 delique
1522 2843 1586 2877 811
1614 2841 1715 2876 Tune
