1926 3275
63 341 108 384 Π,
123 342 153 384 2,
171 342 281 374 5-23
723 340 904 374 Asinaria.
1512 345 1564 382 93

61 466 185 508 Hanc
217 466 404 520 quidem,
437 479 568 518 quam
593 469 779 508 nanctus
804 466 1026 521 praedam„
1050 466 1214 519 pariter
1238 480 1335 508 oum
1357 467 1443 508 illis
1468 481 1566 520 par-

1018 539 1137 579 tiam.

696 610 932 652 Libanus

62 681 157 722 Illic
186 682 315 723 homo
348 682 466 723 aedis
499 682 751 736 conpilauit,
784 697 904 724 more
936 682 972 723 si
1002 682 1107 723 fecit
1138 697 1234 734 suo3
1499 682 1567 714 270

62 753 154 795 Uae
185 753 250 794 illi
281 754 356 808 qui
385 758 477 795 tam
507 754 786 807 indiligenter
817 754 1071 796 obseruauit
1100 754 1293 795 ianuam!

694 825 932 867 Leonida

61 898 261 939 Aetatem
291 897 422 939 uelim
454 898 627 950 seruire,
659 897 874 939 Libanum
903 903 952 938 ut
983 898 1238 939 conueniam
1268 897 1409 939 modo.

696 970 932 1011 Libanus

62 1041 161 1082 Mea
191 1041 367 1094 quidem
397 1041 543 1083 hercle
575 1056 709 1095 opera
739 1041 850 1083 liber
879 1055 1117 1095 numquam
1146 1040 1223 1082 fies
1257 1040 1387 1082 ocius.

694 1114 933 1156 Leonida

62 1184 205 1225 Etiam
239 1184 291 1226 de
321 1188 444 1237 tergo
478 1185 688 1227 ducentas
719 1186 871 1240 plagas
903 1186 1155 1240 praegnatis
1187 1184 1313 1226 dabo.

697 1257 930 1299 Libanus
1120 1249 1132 1260 ’

62 1328 264 1382 Largitur
294 1329 531 1382 peculium3
565 1343 733 1371 omnem
764 1330 808 1370 in
839 1334 961 1383 tergo
994 1330 1278 1371 thensaurum
1309 1327 1432 1381 gerit.
1497 1331 1564 1364 275

697 1402 932 1443 Leonida

62 1472 174 1514 Nam
202 1473 304 1514 huic
335 1473 552 1515 occasioni
581 1477 752 1527 tempus
785 1474 820 1515 si
853 1488 898 1515 se
931 1473 1269 1527 supterduxeflt,

62 1545 307 1598 Numquam
339 1545 493 1598 edepol
525 1545 747 1598 quadrigis
779 1546 889 1587 albis
921 1546 1152 1599 indipiscet
1182 1548 1346 1598 postea.

62 1617 197 1658 Erum
227 1617 271 1657 in
302 1616 527 1658 obsidione
558 1617 736 1669 linquet,
770 1618 991 1658 inimicum
1023 1618 1189 1658 animos
1221 1616 1403 1657 auxerit.

65 1688 146 1730 Sed
186 1689 222 1729 si
258 1702 427 1730 mecum
468 1688 740 1729 occasionem
785 1690 1027 1743 opprimere
1072 1689 1183 1729 hanc
1229 1702 1339 1741 quae
1386 1687 1563 1728 obuenit

1023 1760 1180 1811 studet,

63 1832 287 1873 Maxumas
319 1832 563 1886 opimitates
595 1832 752 1884 gaudio
786 1832 1106 1873 ecfertissumas
1497 1830 1565 1862 280

67 1902 162 1944 Suis
195 1904 279 1945 eris
310 1903 383 1945 ille
414 1918 502 1944 una
531 1918 701 1945 meeum
733 1904 886 1957 pariet,
919 1908 1138 1956 gnatoque
1171 1906 1214 1943 et
1244 1901 1372 1955 patri,

64 1975 183 2016 Adeo
214 1979 264 2016 ut
295 1979 486 2016 aetatem
517 1975 644 2016 ambo
677 1975 888 2017 ambobus
918 1975 1044 2017 nobis
1076 1976 1163 2016 sint
1195 1973 1381 2022 obnoxii,

64 2046 224 2088 Nostro
257 2046 449 2088 deuincti
478 2046 702 2088 beneficio.

702 2118 933 2160 Libanus

725 2190 904 2232 Uinotos
936 2189 1081 2231 nescio
1114 2203 1220 2242 quos
1253 2189 1328 2230 ait.

65 2260 159 2302 Non
186 2261 350 2314 placet3
376 2266 520 2302 metuo
545 2262 589 2302 in
615 2275 825 2303 conmune
850 2276 903 2303 ne
929 2276 1058 2315 quam
1081 2260 1277 2302 fraudem
1300 2259 1471 2300 frausus
1497 2258 1563 2298 sit.

697 2333 731 2374 L
742 2347 764 2375 e
776 2348 798 2375 o
810 2334 861 2374 ni
871 2333 898 2374 d
908 2346 934 2374 a

65 2402 180 2445 Perii
210 2417 288 2456 ego
321 2404 492 2458 oppido,
523 2405 606 2446 nisi
627 2404 842 2446 Libanum
871 2404 1045 2446 inuenio
1077 2403 1174 2453 iam,
1207 2401 1282 2443 ubi
1312 2400 1430 2442 ubist
1461 2413 1565 2452 gen-

1020 2475 1140 2515 tium.
1498 2469 1564 2502 285

702 2548 736 2589 L
746 2548 794 2589 ib
807 2562 831 2588 a
841 2563 869 2588 n
879 2562 907 2588 u
916 2562 935 2588 s

66 2616 161 2658 Illic
183 2617 310 2659 homo
336 2618 500 2659 socium
526 2618 581 2659 ad
605 2619 762 2660 malam
786 2634 877 2660 rem
903 2618 1075 2672 quaerit
1102 2630 1228 2670 quem
1246 2614 1455 2666 adiungat
1471 2612 1563 2654 sibi.

66 2687 163 2730 Non
180 2689 344 2742 placet;
372 2704 448 2743 pro
474 2694 666 2731 monstro
691 2690 960 2744 extemplost‚
980 2689 1151 2743 quando
1170 2689 1244 2743 qui
1262 2685 1390 2726 sudat
1406 2685 1562 2725 tremit.

158 2858 225 2890 272
248 2858 381 2892 Aetate
474 2859 540 2892 276
565 2857 659 2892 Nam
686 2859 715 2893 si
740 2858 824 2893 huic
851 2859 1038 2893 occasioni
1062 2862 1207 2903 tempus
1233 2869 1311 2892 sese
1404 2859 1467 2892 281
1495 2858 1565 2891 erit

67 2913 133 2947 284
158 2913 227 2947 siet
319 2916 385 2948 287
411 2915 557 2958 quando
583 2926 648 2950 om.
