1926 3275
786 326 1066 372 Prolegomena.
1599 334 1617 371 1
1625 334 1648 372 6
1655 332 1677 371 3

176 453 270 491 Hec.
301 453 456 504 prolog.
487 454 544 491 II:
597 453 763 501 „Orator
801 455 851 492 ad
891 468 963 493 uos
1007 455 1122 492 uenio
1167 459 1311 493 ornatu
1348 455 1545 505 prologi“,
1586 458 1610 495 i.
1644 471 1676 496 e.

177 523 271 560 oleae
316 536 468 560 ramum
506 536 665 572 gerenS,
707 523 813 573 quod
852 523 1048 572 supplices
1094 523 1276 571 decebat,
1325 524 1480 574 qualem
1525 527 1680 575 pictura

177 603 405 641 expressum
435 590 571 628 videre
601 592 694 628 licet
725 592 764 628 in
791 591 980 629 Vaticano
1013 591 1188 629 Terentii
1220 592 1352 630 codice
1387 591 1440 641 (v.
1468 593 1677 632 Wieseler:

177 659 524 709 Theatergeb'aude
554 673 592 697 u.
624 660 864 697 Denkmaler
895 659 963 697 des
994 660 1309 698 Buhnenwesens
1339 661 1387 709 X,
1423 659 1478 709 8).

291 727 370 765 Nec
408 728 536 765 minus
574 729 785 765 necessarii
821 729 868 765 iis
906 729 980 766 visi
1012 731 1103 766 sunt
1132 729 1308 779 prologi,
1350 731 1418 779 qui
1455 743 1545 767 mox
1586 730 1678 768 defi-

178 796 369 834 cientibus
421 797 531 835 novis
583 796 728 833 fabulis
782 797 964 846 antiquas
1004 797 1137 834 Plauti
1183 797 1392 835 comoedias
1438 799 1678 837 retulerunt.

178 864 297 902 Cuius
327 865 384 902 rei
416 865 676 902 certissimum
706 865 980 902 testimonium
1017 868 1127 902 extat
1158 864 1343 904 Casinae
1373 867 1580 916 prologus,
1613 868 1681 905 ubi

177 932 318 970 histrio
350 936 560 983 postquam
591 936 833 983 spectatores
865 933 1015 971 salvere
1045 934 1170 980 iussit,

296 1001 399 1048 „Nos
435 999 612 1051 “inquit„
646 1004 855 1051 postquam
886 1002 1026 1051 populi
1056 1015 1213 1040 rumore
1243 1003 1522 1051 intelleximus,

292 1068 476 1107 Studiose
508 1073 692 1120 expetere
723 1083 794 1108 uos
824 1070 1028 1107 Plautinas
1059 1069 1224 1117 fabulas,

291 1137 509 1188 Antiquam
540 1139 622 1176 eius
656 1138 850 1176 edidimus
882 1138 1124 1185 comoediam,

293 1206 417 1253 Quam
447 1220 520 1244 uos
550 1206 759 1256 probastis,
793 1207 861 1256 qui
893 1207 985 1244 estis
1016 1208 1057 1244 in
1088 1206 1327 1254 senioribus3

292 1274 391 1312 Nam
421 1275 620 1312 iuniorum
651 1276 719 1325 qui
750 1278 852 1322 sunt,
886 1289 966 1313 non
996 1278 1153 1322 norunt,
1186 1274 1307 1313 scio‘⁴.

179 1342 279 1379 Huic
310 1345 393 1380 tam
424 1343 559 1381 similis
592 1347 651 1381 est
681 1344 870 1381 Poenuli
899 1344 1102 1393 prologus,
1134 1344 1515 1393 Amphitruonis
1547 1345 1680 1392 etiam,

180 1424 298 1461 quem
320 1411 539 1449 Mercurius
565 1411 682 1449 Sosiae
708 1425 918 1461 personam
942 1425 1094 1462 gerenS,
1129 1415 1168 1449 et
1195 1412 1531 1461 Captivorum,
1566 1426 1683 1462 quem

179 1480 378 1528 parasitus
410 1481 658 1529 pronuntiat,
699 1484 745 1517 ut
786 1480 960 1517 eiusdem
999 1480 1128 1517 aetatis
1161 1481 1375 1530 similisque
1408 1482 1569 1531 originis
1601 1495 1684 1519 esse

181 1551 394 1597 appareat,
427 1548 652 1598 Plautoque
691 1552 759 1586 aut
789 1549 887 1586 nihil
921 1551 990 1586 aut
1019 1549 1237 1597 perexigua
1268 1563 1405 1587 eorum
1435 1563 1528 1599 pars
1562 1551 1683 1599 assig-

181 1617 270 1653 nari
300 1629 414 1665 posse
453 1616 648 1654 videatur.
712 1617 835 1663 Quem
870 1618 973 1654 enim
1004 1630 1081 1654 non
1113 1616 1319 1654 offendunt
1349 1618 1412 1655 vel
1444 1618 1579 1666 frigidi
1609 1619 1684 1655 ioci

181 1685 242 1721 vel
272 1685 425 1721 inutilis
456 1685 681 1734 loquacitas
712 1685 854 1722 horum
884 1684 1165 1734 prologorum‘?
1212 1685 1305 1723 Noli
1334 1685 1457 1733 igitur
1487 1686 1681 1733 dubitare,

183 1753 278 1802 quin
309 1766 372 1789 eos
403 1756 510 1789 recte
533 1754 773 1791 Ritschelius
807 1752 987 1802 (Parerg.
1006 1754 1179 1791 Plautin.
1200 1754 1358 1791 Terent.
1390 1768 1428 1803 p.
1467 1755 1544 1791 180
1578 1752 1681 1804 sqq.)

184 1821 234 1857 ad
273 1820 443 1858 medium
485 1834 518 1858 a.
552 1821 642 1859 Chr.
682 1836 720 1858 n.
761 1822 947 1859 saeculum
993 1823 1271 1871 proximosque
1319 1836 1442 1860 annos
1487 1823 1682 1870 retulerit,

183 1903 261 1938 quo
300 1892 480 1938 tempore
511 1889 662 1927 Casinae
707 1890 897 1939 prologus
943 1904 983 1927 se
1021 1891 1106 1939 ipse
1144 1891 1334 1940 scriptum
1373 1904 1456 1928 esse
1496 1895 1681 1938 testatur,

182 1958 400 2007 praesertim
432 1971 552 2006 quum
584 1962 767 1995 accurate
800 1959 1041 1996 examinanti
1072 1959 1281 1996 historiam
1304 1960 1362 1996 rei
1387 1960 1550 1996 scenicae
1579 1959 1681 2010 apud

184 2026 381 2063 Romanos
412 2026 502 2063 huic
534 2026 690 2063 demum
722 2028 829 2064 aetati
864 2041 910 2064 ea
940 2027 1088 2064 theatri
1120 2027 1279 2076 species,
1306 2040 1399 2077 quae
1432 2028 1471 2064 in
1501 2027 1560 2064 his
1592 2041 1684 2076 pro-

183 2093 285 2141 logis
316 2098 658 2142 commemoratur,
692 2095 900 2133 convenire
924 2095 1119 2133 videatur.
1162 2095 1202 2133 Si
1228 2095 1386 2144 quidem
1413 2109 1514 2132 anno
1540 2109 1573 2133 a.
1594 2096 1682 2133 Chr.

184 2175 222 2198 n.
252 2162 330 2198 154
360 2175 479 2211 quum
506 2162 662 2200 Cassius
687 2163 890 2212 Longinus
923 2177 1062 2201 censor
1092 2163 1294 2200 theatrum
1324 2163 1525 2213 lapideum
1555 2165 1685 2201 facere

184 2229 440 2277 instituisset,
480 2230 554 2267 hoc
591 2235 753 2268 senatus
794 2231 976 2280 Scipione
1008 2231 1153 2269 Nasica
1195 2235 1355 2269 auctore
1397 2232 1682 2270 demoliendum

185 2299 356 2344 censuit,
398 2301 438 2335 et
475 2302 634 2336 senatus
674 2299 852 2337 consulto
892 2303 1052 2337 cautum
1087 2303 1165 2347 est,
1198 2314 1247 2337 ne
1279 2301 1366 2349 quis
1396 2300 1436 2337 in
1466 2300 1563 2338 urbe
1594 2314 1685 2349 pro-

186 2366 322 2415 piusve
360 2379 498 2414 passus
536 2367 644 2404 mille
683 2366 870 2404 subsellia
908 2368 1087 2417 posuisse
1128 2368 1316 2406 sedensve
1354 2368 1469 2405 ludos
1507 2372 1686 2417 spectare

186 2434 307 2471 vellet
333 2431 437 2481 (Val.
454 2434 562 2471 Max.
580 2434 629 2480 II,
656 2435 693 2482 4,
721 2433 782 2482 2);
809 2449 884 2484 quo
909 2435 1056 2472 factum
1081 2439 1151 2481 est,
1178 2439 1223 2472 ut
1246 2436 1415 2485 populus
1441 2436 1685 2485 aliquamdiu

186 2505 296 2539 stans
327 2501 442 2539 ludos
475 2506 682 2551 spectaret,
710 2506 755 2539 ut
780 2504 835 2540 ait
859 2504 925 2553 qui
946 2503 1049 2540 Livii
1072 2503 1216 2540 librum
1232 2503 1400 2541 XLVIII
1425 2504 1465 2540 in
1489 2504 1687 2552 epitomen

188 2570 404 2617 contraxit,
446 2570 616 2620 populus
655 2570 832 2620 quidem,
875 2572 899 2608 i.
934 2585 966 2609 e.
998 2571 1129 2621 plebs,
1175 2585 1267 2608 nam
1313 2571 1561 2609 senatoribus
1607 2573 1686 2609 iam

190 2652 223 2675 a.
261 2639 338 2675 194
380 2651 413 2675 a.
447 2638 536 2676 Chr.
576 2652 613 2675 n.
647 2643 820 2676 secretus
860 2652 882 2675 a
920 2640 1068 2688 populo
1106 2639 1312 2689 spectandi
1351 2640 1459 2677 locus
1497 2639 1687 2689 praebitus

189 2709 293 2753 erat,
333 2709 379 2743 ut
419 2707 474 2743 ait
504 2706 639 2743 Livius
671 2706 852 2753 XXXIV,
890 2708 953 2745 54.
1023 2707 1100 2745 Sed
1138 2711 1220 2744 tam
1266 2721 1404 2745 severa
1449 2707 1688 2745 abstinentia

188 2787 266 2811 non
298 2774 364 2811 diu
395 2773 572 2821 duravit,
607 2778 646 2811 et
675 2779 767 2824 post
798 2789 944 2825 paucos
984 2789 1108 2813 annos
1149 2775 1197 2812 ad
1229 2776 1431 2825 exemplar
1463 2776 1687 2813 Graaecorum

189 2842 438 2879 theatrorum
469 2855 547 2879 non
578 2842 746 2892 lapideis
778 2844 948 2892 quidem,
983 2844 1052 2881 sed
1084 2844 1221 2891 ligneis
1253 2844 1567 2893 spectas-,ulmum
1598 2858 1687 2892 gra-

191 2909 305 2947 dibus
337 2924 459 2948 cavca
489 2910 770 2960 complebatur.
832 2911 933 2948 Nam
971 2913 1045 2949 nisi
1087 2913 1182 2949 certi
1222 2912 1369 2961 gradus
1400 2911 1688 2960 spectatoribus

1355 2986 1415 3018 ll*
