1926 3275
792 320 834 356 V.
860 322 1052 357 857—875.
1590 327 1672 366 429

175 464 247 501 pro
279 448 402 490 etiam
432 451 712 501 expectabatur
747 449 988 502 „quotidie“.
1034 451 1142 489 Iusto
1173 451 1356 489 licentius
1388 452 1510 490 foret:
1549 452 1671 500 „Eum

176 519 312 557 sedere
342 519 540 558 hominem
569 520 611 556 in
641 523 783 558 senatu
813 523 882 557 aut
913 520 1008 557 dare
1039 532 1199 569 operam
1231 518 1490 558 cluentibus“.
1544 521 1672 572 Magis

175 587 368 637 placeret:
406 588 574 635 „Totum
600 587 703 625 diem
729 589 925 625 hominem
957 592 1094 625 senatu
1126 587 1218 625 dare
1251 600 1409 637 operam
1443 592 1510 626 aut
1542 590 1672 628 cluen-

173 653 321 693 tibus“.
353 676 408 681 —
441 656 534 694 864.
565 651 672 704 foris
703 666 834 705 opere,
866 657 920 694 sic
943 656 1060 694 Both.
1092 669 1229 693 versus
1262 670 1376 694 causa
1406 659 1672 707 transposuit3

175 724 256 761 FL:
295 723 446 773 „Opere
468 724 551 762 illic
572 722 717 772 foris“;
741 724 909 763 fortasse
933 727 1075 762 neutro
1101 737 1211 774 opus.
1258 724 1354 762 Post
1376 725 1499 764 noctu
1521 726 1673 774 hiatus3

175 791 289 829 Both.
313 790 506 839 „noctud“
522 808 530 840 3
547 792 607 830 Fl.
631 793 705 840 „ad
721 791 806 831 me“
829 792 919 831 add.
937 813 993 818 —
1009 792 1196 830 Ceterum
1214 803 1332 841 opere
1348 789 1560 842 facimzdo‚
1577 791 1673 843 fun-

176 856 275 898 dum
301 860 395 898 ara-t
424 864 496 898 etc.
528 861 723 899 vocabula
747 861 794 899 ab
820 873 914 910 agro
939 860 1101 899 colendo
1127 860 1176 898 ad
1201 861 1447 900 concubitum
1477 864 1674 901 translata

176 941 282 965 more
305 928 397 966 inde
422 929 471 966 ab
494 929 669 979 antiquis
688 929 832 967 Graecis
857 931 1016 976 usitato,
1036 929 1082 967 cf.
1101 929 1259 967 Trucul.
1282 931 1359 967 148
1378 944 1462 980 sqq.
1481 952 1537 956 —
1552 927 1673 979 fami-

176 992 334 1046 limem,
355 997 623 1045 domesticum,
642 1011 766 1045 suum,
786 998 1026 1035 contrarium
1049 998 1213 1048 ponitur
1236 998 1375 1035 alieno.
1395 1019 1450 1023 —-
1468 1000 1560 1037 866.
1589 1010 1674 1038 609·-

174 1064 337 1112 ruptus,
361 1065 386 1102 i.
413 1079 444 1103 e.
471 1068 683 1116 postquam
710 1067 794 1116 ipse
827 1069 1035 1116 corruptus
1067 1069 1138 1103 est.
1170 1086 1227 1091 —
1260 1068 1351 1104 867.
1385 1077 1448 1105 me
1479 1070 1518 1104 et
1542 1067 1573 1104 B
1599 1081 1672 1105 sec.

176 1146 278 1170 man.
305 1135 344 1171 et
367 1137 458 1171 cett.
475 1155 532 1160 —
549 1135 643 1172 870.
671 1144 762 1172 cum
786 1144 949 1182 corona,
973 1137 1018 1171 ut
1036 1135 1239 1172 convivam
1257 1134 1432 1182 decebat,
1458 1148 1493 1172 v.
1512 1134 1672 1183 Becker,

177 1200 278 1238 Gall.
303 1201 374 1249 III,
399 1216 438 1253 p.
458 1203 538 1240 244
564 1216 649 1253 sqq.
678 1222 726 1228 -
755 1200 794 1241 Si
816 1200 976 1241 uideas.
1019 1201 1225 1240 Sententia
1250 1202 1532 1241 condicionalis
1557 1205 1676 1241 semel

174 1269 308 1319 posita
329 1270 459 1308 verbis
481 1271 644 1320 paulum
667 1272 833 1309 mutatis
856 1273 1065 1322 repetitur,
1091 1271 1140 1308 cf.
1166 1271 1322 1309 Terent.
1341 1270 1496 1309 Phorm.
1520 1273 1566 1309 15
1595 1286 1672 1322 sq:

180 1336 328 1385 „Uetus
359 1339 392 1375 si
421 1342 542 1389 poeta
570 1352 651 1377 non
681 1339 903 1377 lacessisset
929 1339 1052 1389 prior,
1077 1339 1239 1377 Nullum
1261 1339 1441 1377 inuenire
1464 1341 1673 1389 prologum

175 1409 310 1456 posset
346 1420 490 1454 nouos,
531 1406 654 1454 Quem
692 1407 860 1455 diceret,
900 1407 976 1445 nisi
1015 1407 1180 1445 haberet
1219 1408 1312 1458 quoi
1350 1408 1450 1446 male
1483 1408 1672 1447 diceret“.

175 1474 224 1512 cf.
250 1474 300 1512 ad
322 1475 465 1525 Amph.
492 1476 586 1514 900.
612 1496 667 1500 —-
691 1477 785 1513 871.
813 1471 922 1514 Hem
945 1475 1079 1523 codd.;
1104 1476 1240 1514 Lamb.
1273 1473 1403 1523 „En“;
1436 1490 1507 1514 nos
1536 1476 1672 1526 „Em“‚

176 1555 212 1580 v.
245 1555 366 1592 supra
397 1543 491 1581 428.

294 1612 387 1649 873.
429 1608 703 1662 amplexando
733 1611 956 1650 Acidalium
997 1613 1120 1650 secuti
1162 1613 1386 1663 scripsimus
1434 1626 1519 1651 cum
1557 1613 1673 1651 Both.

175 1678 248 1727 FL,
281 1682 327 1717 ut
349 1693 386 1717 v.
409 1681 500 1718 168.
525 1701 581 1706 —
605 1681 699 1718 874.
731 1680 828 1718 Post
860 1691 996 1719 amore
1025 1681 1157 1718 hiatur
1179 1681 1220 1718 in
1244 1694 1402 1728 caesura,
1435 1685 1520 1719 tum
1551 1678 1675 1720 lanius

175 1761 249 1798 pro
274 1748 448 1786 trochaeo
471 1748 702 1797 legendum3
727 1748 787 1786 Fl.
818 1746 952 1796 „esse“
980 1749 1164 1787 addebat.
1189 1770 1245 1775 —-
1271 1751 1363 1787 875.
1389 1745 1535 1799 Eyone
1557 1750 1674 1800 vulgo

177 1816 429 1854 coniunctum
452 1816 648 1864 scribitur,
674 1819 719 1854 u't
743 1817 795 1854 sit
819 1818 1082 1868 interrogatio
1110 1831 1195 1855 cum
1213 1818 1392 1868 proximo
1410 1831 1525 1855 versu
1541 1819 1674 1855 termi-

176 1887 290 1932 nata3
316 1884 385 1922 sed
408 1885 640 1922 sententiam
663 1898 741 1923 non
767 1888 856 1922 ante
879 1899 915 1922 v.
936 1886 1015 1923 877
1039 1884 1145 1923 finiri
1169 1885 1340 1923 ostendit
1364 1886 1473 1923 locus
1497 1887 1674 1934 geminus

177 1951 305 1990 Casin.
340 1953 441 1991 481:
487 1953 654 2001 „Tribus
684 1967 764 1992 non
796 1953 959 1991 conduci
991 1955 1135 2004 possim
1166 1954 1438 2001 libertatibus,
1473 1954 1573 2000 Quin
1606 1968 1674 2004 ego

176 2021 254 2058 illis
291 2021 412 2060 hodie
450 2034 659 2071 conparem
696 2035 878 2072 magnum
917 2020 1102 2059 malum“.
1166 2022 1228 2060 Sic
1265 2022 1302 2059 h.
1335 2023 1358 2059 1.
1393 2024 1558 2059 maritus
1592 2022 1675 2070 „Ne

177 2085 272 2139 ego“
306 2090 448 2140 inquit,
485 2077 572 2138 „uel
598 2091 631 2127 si
656 2091 866 2128 maximum
898 2091 1101 2140 praemium
1133 2091 1229 2128 mihi
1259 2091 1500 2141 promiseris,
1535 2090 1675 2128 adduci

175 2170 254 2194 non
284 2170 455 2208 possum,
488 2161 533 2195 ut
563 2171 642 2196 non
665 2159 823 2209 pallam,
851 2172 967 2209 quam
994 2159 1159 2196 maxime
1184 2159 1327 2209 diligit,
1355 2159 1389 2196 ei
1414 2157 1671 2209 subripiam²⁵.

178 2221 247 2263 Ne
277 2224 554 2264 affirmativum
586 2229 663 2274 est,
698 2227 804 2276 quod
836 2241 914 2265 non
946 2240 1099 2277 semper
1131 2228 1362 2264 sententiam
1402 2227 1572 2273 orditur,
1607 2227 1675 2264 sed

178 2293 376 2332 interdum
406 2295 632 2345 pronomini
655 2295 858 2346 personali
883 2297 1147 2345 postponitur.
1194 2294 1298 2332 Nota
1323 2298 1381 2332 est
1404 2294 1674 2345 interrogandi

178 2364 217 2398 et
246 2362 510 2412 respondendi
542 2363 728 2401 formula:
769 2362 955 2413 „Egone‘.>
988 2383 1042 2388 —-
1073 2364 1132 2400 Tu
1162 2361 1251 2410 ne“,
1285 2363 1396 2412 Capt.
1433 2364 1524 2400 849.
1557 2362 1671 2412 Epid.

180 2430 272 2466 568.
305 2429 423 2468 Stich.
445 2432 537 2469 632.
570 2431 679 2469 Trin.
707 2433 800 2469 634.
848 2431 924 2470 Sed
956 2430 1002 2469 fit
1032 2431 1134 2469 idem
1167 2444 1244 2468 non
1274 2430 1523 2481 praecedente
1553 2432 1673 2467 intel·-

176 2498 402 2547 rogatione,
435 2513 471 2537 v.
505 2500 614 2537 Curc.
653 2501 750 2537 138:
788 2499 900 2547 „Tibi
932 2514 979 2537 ne
1011 2511 1103 2548 ego,
1138 2499 1168 2536 si
1199 2497 1315 2536 fidem
1348 2512 1481 2536 seruas
1512 2512 1671 2546 mecum,

177 2565 331 2603 vineam
360 2580 433 2617 pro
465 2581 584 2604 aurea
615 2571 745 2605 statua
780 2566 992 2605 statuam“.
1047 2567 1131 2604 Mil.
1168 2568 1266 2604 566:
1305 2566 1412 2615 „Ego
1445 2581 1491 2604 ne
1523 2568 1554 2604 si
1585 2570 1673 2617 post

177 2633 280 2671 hunc
312 2634 416 2673 diem
449 2636 682 2682 muttiuero‚
723 2635 817 2673 dato
858 2635 1157 2673 excruciandum
1189 2632 1288 2672 me“.
1351 2634 1463 2681 Quod
1505 2635 1553 2672 ad
1594 2648 1673 2671 rem

179 2704 343 2750 attinet,
375 2704 541 2741 maritus
571 2704 686 2741 uxori
716 2703 861 2754 pallam
893 2703 1133 2754 subripiens,
1169 2716 1284 2753 quam
1316 2704 1514 2741 meretrici
1543 2703 1673 2750 donet,

179 2782 227 2806 ex
241 2769 493 2809 Menaechmis
516 2775 633 2809 notus
658 2775 729 2809 est.
777 2771 890 2818 Quod
917 2775 1045 2809 autem
1076 2785 1149 2822 pro
1182 2785 1323 2821 magno
1355 2772 1481 2821 pretio
1514 2772 1676 2822 ponitur

178 2834 268 2876 uita
298 2837 446 2878 uxoris
477 2849 635 2886 amensa,
670 2839 883 2877 Lambinus
917 2842 1115 2890 ceterique
1154 2840 1207 2877 sic
1240 2840 1456 2890 accipiunt:
1492 2840 1608 2876 etiam
1642 2840 1674 2875 si
