1926 3275
362 340 414 376 94
1049 336 1171 369 Plauti
1611 337 1657 379 II,
1677 339 1708 381 2,
1725 339 1858 372 24—37

991 461 1229 502 Leonida

364 532 448 573 Sed
473 532 575 586 quid
600 546 676 584 ego
700 531 770 572 hic
794 547 1032 586 properans
1060 547 1264 574 concesso
1288 533 1474 587 pedibus
1497 533 1644 586 lingua
1665 533 1859 588 largior?

362 604 472 654 Quin
505 619 582 658 ego
614 604 724 645 hanc
754 604 883 646 iubeo
914 608 1072 656 tacere,
1105 619 1217 659 quae
1247 605 1429 659 loquens
1460 605 1628 647 lacerat
1658 606 1803 647 diem?

993 691 1226 733 Libanus

362 762 529 816 Edepol
560 762 777 802 hominem
807 761 1035 814 infelicem,
1068 765 1141 815 qui
1172 767 1403 817 patronam
1437 763 1699 817 conprimat!
1793 769 1860 801 290

361 834 472 875 Nam
504 833 644 888 siquid
676 833 857 875 sceleste
890 833 1004 886 fecit,
1036 835 1184 889 lingua
1216 850 1293 889 pro
1325 835 1400 877 illo
1433 836 1637 889 perierat.

990 922 1229 963 Leonida

362 992 686 1046 AdproperabQ
718 1006 772 1033 ne
804 998 902 1045 post
933 997 1103 1047 tempus
1135 994 1325 1047 praedae
1357 995 1622 1048 praesidium
1654 1009 1814 1048 parem.

997 1081 1228 1122 Libanus

364 1149 481 1199 Quae
512 1150 639 1190 illaec
677 1151 907 1203 praedast?
945 1151 1016 1193 ibo
1056 1152 1290 1194 aduorsum
1329 1158 1459 1207 atque
1499 1154 1697 1196 electabo
1737 1154 1861 1208 quid-

1319 1226 1423 1279 quid
1455 1230 1533 1267 est.

364 1293 495 1334 Iubeo
528 1297 570 1334 te
602 1293 770 1335 saluere
801 1309 907 1335 uoce
939 1309 1115 1346 summa,
1149 1296 1292 1349 quoad
1323 1298 1437 1338 uires
1468 1297 1628 1339 ualent.

993 1381 1026 1422 L
1038 1396 1059 1423 e
1072 1397 1095 1423 o
1106 1383 1156 1422 ni
1168 1383 1194 1423 d
1206 1397 1232 1423 a

364 1450 642 1504 Gymnasium
673 1450 809 1504 flagri,
844 1452 1026 1494 saluetO.

993 1536 1230 1577 Libanus

1046 1607 1157 1657 Quid
1189 1609 1291 1661 agis,
1326 1613 1469 1651 custos
1503 1610 1718 1651 carceris?
1796 1615 1862 1649 295

994 1693 1230 1736 Leonida

366 1746 399 1788 O
433 1751 681 1788 catenarum
714 1747 877 1789 colone.

996 1821 1230 1864 Libanus

898 1891 932 1932 O
964 1893 1185 1946 uirgarum
1216 1895 1411 1936 lasciuia.

994 1964 1232 2006 Leonida

366 2031 480 2081 Quot
510 2032 654 2086 pondo
686 2037 729 2074 te
761 2047 851 2074 esse
885 2048 1033 2076 censes
1064 2036 1254 2078 nudum?

1000 2107 1230 2149 Libanus

1267 2179 1362 2221 Non
1395 2180 1550 2234 edepol
1581 2182 1682 2222 scio.

996 2248 1028 2288 L
1041 2261 1062 2289 e
1074 2263 1097 2289 0
1108 2249 1158 2289 ni
1171 2249 1196 2289 d
1208 2264 1233 2290 a

367 2316 538 2357 Scibam
570 2330 647 2368 ego
680 2321 722 2357 te
753 2318 941 2370 nescire3
976 2323 1021 2360 at
1052 2319 1124 2372 pol
1156 2334 1234 2372 ego
1267 2323 1339 2375 qui
1370 2327 1413 2364 te
1445 2323 1630 2376 expendi
1662 2324 1764 2365 scio.

365 2387 514 2428 Nudus
546 2388 717 2429 uinctus
751 2394 923 2430 centum
954 2391 1143 2443 pondo's,
1177 2393 1348 2445 quando
1380 2395 1543 2448 pendes
1574 2408 1652 2448 per
1681 2395 1827 2448 pedes.

996 2462 1230 2504 Libanus

367 2528 460 2577 Quo
492 2533 744 2581 argumento
776 2531 915 2572 istuc?

997 2604 1232 2647 Leonida

708 2672 800 2725 Ego
834 2674 987 2726 (licam,
1021 2690 1105 2729 quo
1138 2682 1393 2729 argumento
1426 2683 1469 2720 et
1499 2693 1584 2733 quo
1615 2679 1754 2720 modo.
1795 2685 1862 2718 300

367 2741 431 2781 Ad
463 2742 594 2794 pedes
626 2744 798 2796 quando
831 2745 1111 2797 adligatumst
1143 2762 1326 2802 aequom
1358 2749 1752 2804 centumpondium,

459 2895 519 2927 30]
550 2894 733 2938 adligatus
759 2900 814 2931 est
