1926 3275
845 279 888 314 V.
913 280 1102 314 576—597.
1638 283 1721 323 407

225 410 277 446 97
303 422 381 458 sq.:
418 408 557 456 „Salve
589 412 779 446 aeternum
810 409 918 456 mihi,
951 422 1131 446 maxume
1155 408 1275 455 Palla,
1302 412 1568 458 aeternumque
1592 407 1719 447 vale“.

227 497 281 501 -—
311 472 437 524 offers
466 476 518 523 B;
559 477 646 514 edd.
687 478 768 514 fere
800 491 847 515 ex
877 477 965 514 aliis
996 477 1107 514 codd.
1145 474 1348 525 „adfers“;
1389 477 1458 514 sed
1495 477 1595 515 illud
1631 491 1720 528 pro-

224 544 319 582 bum
351 548 431 591 est,
465 545 512 582 cf.
546 545 673 583 Catul.
708 547 779 593 64,
815 546 914 583 247:
962 545 1158 593 „Theseus
1190 545 1344 594 qualem
1376 545 1544 582 Minoidi
1574 546 1720 583 luctum

223 610 464 650 obtulerat“.
514 612 590 651 Cic.
624 613 736 651 Rosc.
769 614 855 650 Am.
893 615 962 660 13,
998 615 1070 651 37:
1107 614 1200 663 „qui
1230 618 1396 650 mortem
1431 613 1619 651 obtulerit
1650 628 1720 664 pa-

224 678 371 718 renti“.
403 702 459 706 —-
493 682 584 719 587.
617 691 875 730 supremum,
908 695 984 731 quo
1016 682 1115 719 nihil
1156 682 1323 731 amplius
1356 681 1511 719 dictura
1540 686 1617 729 est3
1651 697 1721 720 nos

223 762 448 799 supremum
479 749 640 786 verbum
673 750 888 787 diceremus
914 754 981 787 aut
1010 749 1300 797 „ultimatum²².
1343 750 1549 787 Turnebus
1580 761 1720 800 supre-

224 827 331 855 mam
364 818 607 867 postulabat,
641 831 691 855 sc.
726 818 874 864 horam,
909 818 995 855 coll.
1022 818 1134 855 Varr.
1164 818 1209 855 L.
1236 818 1278 855 L.
1304 818 1368 865 VI,
1398 820 1432 855 5.
1464 818 1563 855 Plin.
1596 819 1644 856 H.
1672 820 1719 856 N.

224 886 309 933 VII,
345 888 408 933 60,
443 887 535 923 212.
584 885 783 923 Censorin.
812 887 876 932 24,
905 888 939 923 3.
987 885 1074 923 Non
1107 899 1218 936 opus,
1252 888 1430 936 quamvis
1458 889 1722 924 assentiantur

224 953 396 992 Gronov.
421 954 536 991 Both.
561 954 620 991 Fl.
646 974 702 978 -——
728 955 795 992 ΐῑια
821 958 911 991 ante
929 954 1109 991 diaeresin
1126 954 1245 991 iambi
1268 956 1390 991 vicem
1413 960 1532 1002 tenet,
1559 956 1605 993 cf.
1627 958 1719 994 (327.

225 1023 327 1069 6573
351 1022 410 1059 Fl.
436 1021 737 1071 transponebat:
769 1026 862 1069 „tua
886 1019 1023 1058 mihi“.
1048 1042 1104 1046 -—
1131 1023 1223 1059 588.
1249 1020 1453 1060 Acerbum
1476 1022 1618 1073 femus,
1643 1026 1666 1060 i.
1687 1039 1719 1061 e.

222 1091 487 1137 immaturum,
515 1090 560 1127 ef.
580 1090 696 1140 Verg.
714 1090 805 1126 AEn.
826 1090 888 1136 VI,
908 1091 987 1127 429
1004 1106 1009 1127 :
1041 1090 1202 1137 „funere
1219 1092 1354 1128 mersit
1371 1089 1552 1128 acerb0“.
1586 1092 1663 1130 Cic.
1682 1106 1718 1142 p.

224 1158 340 1196 domo
360 1159 423 1205 16,
442 1160 507 1195 42.
525 1179 581 1183 —
601 1160 692 1196 590.
718 1158 806 1195 Non
829 1168 937 1206 mos,
963 1158 1068 1207 quod
1093 1158 1204 1195 codd.
1223 1159 1412 1208 praebent,
1441 1160 1510 1196 sed
1530 1171 1612 1198 noa)
1628 1162 1721 1197 scri-

222 1226 395 1264 bendum
419 1240 501 1263 esse
519 1227 678 1277 Lipsius
703 1227 911 1272 intellexit,
943 1228 990 1274 „i.
1011 1240 1042 1264 e.
1068 1230 1206 1272 noctu,
1232 1241 1320 1263 nam
1347 1227 1633 1265 adulescentem
1651 1229 1721 1266 ali·

221 1295 319 1344 quid
336 1295 384 1332 de
401 1299 513 1332 nocte
527 1295 672 1332 dixisse
690 1300 856 1345 apparet
875 1309 921 1332 ex
938 1296 1118 1344 sequenti
1134 1294 1292 1332 versu‘'.
1311 1295 1482 1333 Extabat
1498 1297 1579 1334 haec
1595 1297 1722 1334 forma

222 1364 263 1400 in
293 1363 371 1400 XII
402 1363 544 1400 Tabb.:
584 1364 640 1410 „si
671 1377 750 1401 nox
781 1364 930 1401 furtum
962 1359 1104 1401 faxsit“
1143 1361 1206 1410 (cf.
1240 1363 1340 1401 Gell.
1374 1364 1484 1410 VIII,
1521 1362 1581 1411 l),
1617 1365 1721 1414 apud

222 1431 411 1469 Ennium:
450 1433 507 1478 „si
538 1432 627 1478 luci,
660 1433 692 1468 si
723 1429 824 1469 nox“
863 1431 915 1479 (v.
942 1432 1130 1469 Priscian.
1148 1431 1212 1478 VI,
1241 1433 1303 1478 93,
1329 1445 1366 1481 p.
1395 1434 1473 1470 278
1500 1431 1581 1479 H.),
1615 1433 1722 1483 apud

222 1499 416 1537 Lucilium
457 1497 548 1547 (III,
582 1514 615 1537 v.
651 1498 741 1547 22):
794 1501 908 1548 „hinc
947 1500 1077 1537 media
1115 1501 1231 1536 remis
1262 1500 1489 1537 Palinurum
1530 1503 1719 1551 pervenio

222 1565 342 1605 nox“.
404 1567 555 1618 Saepius
595 1569 796 1605 invenitur
837 1566 1052 1619 „pe1²nox‘⁵.
1085 1589 1141 1593 —
1181 1570 1272 1605 591.
1307 1565 1448 1618 {coya-s
1489 1580 1630 1617 opera,
1672 1571 1717 1606 cf.

221 1636 364 1686 Amph.
396 1637 485 1674 168.
520 1657 573 1661 —
604 1637 757 1674 Ironioe
788 1637 929 1675 irridet
960 1651 1094 1674 servus
1125 1637 1262 1674 herum
1294 1642 1524 1674 nocturnam
1560 1652 1719 1687 operam

220 1705 538 1755 promittentem,
581 1706 692 1754 quasi
730 1706 904 1743 interdiu
948 1705 1132 1755 gravibus
1176 1706 1345 1753 negotiis
1390 1711 1604 1756 occupatus
1648 1710 1717 1754 sit,

219 1773 372 1810 scilicet
403 1773 586 1811 Solonem
626 1787 710 1810 esse
750 1773 945 1823 quendam
985 1774 1092 1821 leges
1129 1774 1276 1823 populo
1317 1774 1563 1811 scribentem.
1627 1776 1717 1813 Cor-

221 1845 381 1890 ruptam
414 1842 588 1879 codicum
616 1843 852 1891 scripturam
882 1842 949 1879 alii
973 1842 1091 1879 aliter
1115 1843 1397 1888 correxerunt,
1420 1842 1555 1879 Both:
1594 1858 1719 1891 „nunc

220 1911 325 1947 enim
365 1910 557 1948 interdius
596 1912 822 1959 negotiosus
862 1915 919 1947 est
962 1908 1166 1957 (uidelicet
1196 1908 1443 1957 Solonem)·'·;
1474 1910 1555 1948 Fl.:
1592 1926 1718 1959 „nunc

221 1979 325 2016 enim
357 1975 422 2016 hic
453 1982 510 2015 est
542 1978 741 2015 Interdius
772 1979 1020 2026 negotiosus:
1058 1978 1137 2015 uid.
1171 1978 1234 2016 S.'’
1298 1979 1452 2028 Optime
1483 1979 1628 2016 Muller
1659 1981 1716 2017 Pl.

220 2047 284 2084 Pr.
317 2061 355 2097 p.
391 2048 490 2084 280:
527 2060 654 2094 „nunc
687 2047 790 2083 enini
823 2060 906 2083 esse
930 2046 1185 2096 Negotiosum
1218 2048 1409 2084 interdius
1440 2048 1623 2085 uidelicet
1650 2049 1717 2086 So-

219 2112 390 2152 lonem“.
460 2111 672 2153 smerdius
719 2118 829 2151 extat
875 2115 993 2152 etiam
1031 2115 1162 2152 Aulul.
1199 2118 1262 2153 72.
1311 2116 1421 2166 Capt.
1458 2118 1550 2153 723.
1598 2117 1716 2154 Most.

222 2184 316 2221 436.
363 2183 506 2220 Pseud.
544 2184 670 2230 1296,
718 2180 812 2221 dius
853 2187 981 2220 autem
1019 2183 1139 2220 Merc.
1176 2185 1276 2222 850:
1327 2198 1476 2234 „neque
1523 2186 1717 2234 quiescam

221 2265 384 2301 usquam
416 2256 533 2289 noctu
564 2265 690 2301 neque
725 2249 852 2288 dius“.
914 2248 1123 2299 uidelicet,
1163 2254 1187 2288 i.
1221 2266 1252 2288 e.
1285 2252 1419 2289 videre
1450 2253 1561 2299 licet,
1602 2258 1717 2302 putes

221 2325 260 2357 te
292 2320 435 2358 videre.
483 2321 540 2357 Ne
565 2321 721 2357 mireris
746 2321 1012 2357 accusativum
1039 2333 1126 2356 611111
1150 2320 1344 2357 infinitivo
1370 2320 1596 2358 adiunctum
1622 2334 1715 2367 esse,

222 2389 269 2427 cf.
303 2387 424 2426 Stich.
461 2391 558 2427 555;
610 2388 832 2436 „Uidelicet
872 2401 1035 2437 parcum
1074 2389 1183 2425 illum
1221 2388 1340 2425 fuisse
1381 2393 1551 2426 se11e1n“.
1616 2392 1714 2426 557:

224 2456 447 2505 „Uidelicet
486 2471 565 2494 non
604 2457 724 2494 fuisse
763 2457 872 2493 illum
912 2469 1063 2504 aequom
1102 2454 1433 2493 adulescentem‘'.
1494 2457 1652 2494 Lucret.
1686 2457 1715 2503 I,

223 2526 322 2563 210:
360 2524 481 2572 „Esse
513 2525 696 2562 videlicet
729 2526 768 2561 in
800 2526 917 2561 terris
948 2524 1165 2574 primordia
1198 2530 1369 2562 1·eru1n‘'.
1424 2524 1479 2561 Cf.
1517 2526 1712 2572 „scilicet”

221 2593 323 2630 infra
355 2594 448 2631 780.
488 2613 541 2617 -
583 2594 675 2630 593.
706 2602 870 2642 ῃθιψαθ,
912 2593 935 2629 i.
969 2606 1000 2629 e.
1041 2606 1170 2642 nugae,
1211 2597 1254 2629 ut
1293 2594 1347 2629 ait
1376 2593 1526 2630 Nonius
1563 2607 1600 2643 p.
1640 2596 1714 2632 lle

221 2662 258 2699 h.
285 2663 309 2698 l.
344 2661 485 2706 allat03
519 2662 564 2698 cf.
591 2660 707 2710 Epid.
736 2662 828 2697 230.
863 2661 966 2698 Poen.
995 2662 1089 2698 137:
1129 2673 1291 2708 „gerrae
1323 2674 1544 2709 germanae,
1578 2663 1716 2713 edepol

221 2732 333 2779 λῆροι,
363 2732 459 2778 λῇροι
492 2726 630 2766 11161·1“.
678 2728 785 2765 Trin.
821 2730 913 2765 760.
946 2748 1001 2754 —-
1035 2730 1126 2766 596.
1161 2726 1325 2777 lices-Sit,
1359 2731 1382 2766 i.
1410 2744 1441 2766 e.
1475 2730 1641 2777 licuerit,
1674 2736 1713 2768 ut

221 2797 398 2835 habessit
440 2797 640 2843 habuerit,
689 2797 735 2833 de
782 2810 858 2847 quo
898 2797 977 2834 vid.
1010 2796 1182 2847 Madvig.
1217 2797 1357 2847 Opusc.
1391 2798 1445 2845 ΙΙ,
1478 2813 1516 2849 p.
1551 2800 1615 2836 65.
1661 2819 1716 2824 --

224 2866 318 2903 597.
350 2863 534 2904 ‘mimano’
564 2874 653 2902 sese
685 2861 815 2911 αὐὶνθ,
853 2878 1023 2914 praesens
1056 2864 1275 2904 infinitivus
1307 2880 1377 2916 pro
1409 2868 1542 2904 futuro
1575 2869 1612 2904 in
1644 2868 1715 2904 hoc
