1926 3275
737 288 1020 334 Prolegomena.
1553 295 1632 334 189

125 420 364 459 trochaicam
396 415 702 465 catalecticam“,
736 431 975 469 quamquam
1005 431 1084 456 non
1113 418 1264 457 idcirco
1297 420 1481 468 antiquos
1505 434 1632 470 gram-

126 489 289 527 maticos
321 501 453 526 errare
485 487 680 533 dicemus,
713 487 782 536 qui
812 487 978 523 creticos
1018 485 1068 524 ad
1104 487 1325 537 paeonicum
1361 501 1484 537 genus
1523 493 1632 527 retu-

126 557 268 605 lerint;
299 556 415 594 nobis
441 555 555 602 enim,
583 568 662 605 quo
684 556 842 593 nomine
867 540 1101 604 appelletur,
1127 567 1268 603 parum
1291 555 1441 593 referre
1463 557 1632 595 videtur.

241 623 377 661 Latini
407 626 534 674 poetae
562 636 640 660 non
667 635 757 660 raro
781 623 937 660 creticis
961 623 1024 660 usi
1047 625 1149 669 sunt,
1176 623 1246 660 sed
1267 623 1450 662 licentius
1475 629 1636 675 agentes

126 705 246 742 quam
263 691 392 730 Graeci
421 704 495 742 pro
523 691 680 728 creticis
705 693 774 728 aut
795 690 997 740 paeonibus
1023 691 1142 728 etiam
1168 690 1414 730 choriambos
1436 693 1636 730 interdum

127 761 310 797 inserunt
346 763 403 807 et,
442 759 545 810 pede
584 772 653 796 sex
690 771 897 796 morarum*
930 758 1050 795 semel
1088 758 1281 806 admisso,
1322 773 1372 797 ne
1411 774 1434 798 a
1463 761 1635 799 molosso

129 827 289 878 quidem
333 827 534 865 abstinent
584 824 645 874 (ut
688 826 807 863 Most.
859 827 937 864 106
989 825 1271 875 „confringit“.
1333 827 1476 866 Pseud.
1527 830 1633 867 1330

133 893 418 946 „spectator“).
478 893 666 932 Versibus
697 894 930 944 plerumque
960 898 1131 932 utuntur
1162 895 1404 943 acatalectis,
1437 899 1483 934 ut
1513 900 1635 946 syste-

129 966 236 1001 mata
265 964 463 1010 oriantur,
504 962 574 1000 sed
612 963 731 1000 certis
771 962 1070 1012 aequalibusque
1111 963 1289 1001 versibus
1323 964 1534 1011 distincta,
1568 965 1636 1014 qui

128 1032 235 1069 inter
279 1044 320 1069 se
365 1022 549 1079 coniungi
593 1044 673 1067 non
719 1027 926 1077 debent*).
987 1030 1140 1068 Horum
1185 1031 1499 1081 frequentissimi
1545 1036 1637 1070 sunt

127 1098 437 1147 tetrametri,
479 1099 547 1148 qui
584 1111 686 1148 saepe
723 1102 805 1135 tam
843 1098 959 1135 multi
996 1098 1232 1148 iunguntur,
1272 1103 1318 1136 ut
1358 1100 1517 1138 eosdem
1549 1101 1638 1137 κατὰ

129 1168 255 1213 στίχον
298 1167 451 1217 positos
497 1166 628 1203 dicere
668 1167 817 1216 possis,
857 1166 967 1203 velut
996 1166 1141 1216 Amph.
1176 1168 1256 1204 216
1296 1180 1381 1217 sqq.
1444 1167 1637 1206 Diaeresin

128 1234 277 1273 habent
320 1238 412 1285 post
458 1234 628 1272 alterum
673 1235 882 1282 creticum,
929 1247 1054 1284 eoque
1098 1234 1186 1272 loco
1231 1235 1387 1273 facilius
1434 1249 1552 1286 quam
1596 1237 1638 1273 in

129 1303 271 1341 ceteris
315 1303 469 1341 hiatum
512 1302 664 1349 ferunt,
712 1303 808 1352 quin
854 1303 974 1339 etiam
1020 1301 1151 1341 brevis
1198 1303 1352 1352 syllaba
1402 1317 1475 1354 pro
1521 1304 1638 1352 longa

128 1371 342 1409 invenitur.
405 1371 665 1408 Tetrametris
702 1370 905 1408 interdum
935 1371 1259 1408 intermiscentur
1290 1371 1357 1408 alii
1388 1385 1524 1409 versus
1557 1385 1637 1409 cre-

128 1440 214 1487 tici,
253 1440 425 1477 maxime
464 1439 640 1486 dimetri,
688 1438 888 1476 clauditur
934 1441 1066 1476 autem
1106 1440 1230 1476 series
1269 1439 1352 1476 fere
1390 1439 1637 1477 brevioribus

128 1506 307 1544 versibus
353 1506 527 1544 eiusdem
574 1510 644 1544 aut
689 1507 845 1557 cognati
888 1507 1064 1556 generis,
1111 1507 1136 1544 i.
1177 1520 1209 1544 e.
1253 1511 1322 1544 aut
1367 1508 1522 1545 creticis
1571 1512 1639 1545 aut

129 1574 354 1612 trochaicis.

243 1641 304 1679 Ex
351 1642 580 1680 catalectico
626 1655 769 1692 genere
813 1645 1049 1680 tetrameter
1093 1642 1134 1679 in
1178 1642 1430 1680 liberioribus
1476 1645 1638 1681 canticis

129 1723 210 1748 non
239 1723 454 1760 numquam
484 1710 689 1760 repetitur,
721 1713 767 1747 ut
790 1709 967 1748 Trinum.
998 1710 1078 1748 244
1110 1723 1195 1760 sqq.
1232 1711 1311 1748 293
1346 1723 1430 1760 sqq.
1463 1731 1520 1735 ——
1555 1711 1638 1758 „De

128 1791 315 1816 versuum
362 1778 598 1815 creticorum
643 1791 719 1815 usu
758 1776 974 1817 Plautino“
1025 1781 1209 1816 accurate
1255 1779 1338 1826 egit
1375 1779 1422 1816 A.
1455 1778 1636 1830 Spengel,

130 1846 303 1884 Berolin.
341 1846 462 1883 1861.

245 1914 485 1964 Anteposito
539 1913 695 1951 creticis
749 1913 880 1950 iambo
932 1913 1131 1951 bacchii
1186 1914 1383 1951 oriuntur.
1447 1913 1638 1952 Bacchius

134 1980 182 2030 (v
207 2007 252 2012 —
277 1979 337 2030 —)
378 1994 457 2019 non
497 1995 584 2019 eam
623 1981 819 2019 rationem
849 1981 972 2019 habet
1002 1982 1210 2032 longarum
1243 1986 1282 2019 et
1311 1981 1490 2019 brevium
1522 1983 1637 2031 sylla-

129 2051 284 2098 barum,
309 2053 355 2087 ut
377 2050 538 2099 proprie
563 2062 633 2100 pes
659 2049 738 2086 dici
761 2051 911 2098 possit3
944 2063 1035 2087 nam
1062 2063 1182 2099 quum
1206 2050 1317 2087 brevi
1343 2049 1506 2098 syllabae
1530 2051 1639 2099 prior

130 2118 251 2166 longa
280 2117 534 2168 respondeat,
568 2117 693 2155 altera
724 2121 854 2155 autem
886 2118 986 2154 nihil
1015 2117 1172 2165 habeat,
1202 2118 1264 2154 cui
1288 2121 1523 2167 opponatur,
1556 2132 1637 2155 rem

132 2199 224 2223 vere
255 2186 465 2223 aestimanti
505 2199 585 2223 non
622 2198 692 2235 pes
732 2188 791 2222 est
831 2185 902 2222 sed
941 2186 1107 2223 duorum
1146 2185 1291 2235 pedum
1329 2189 1478 2234 partes.
1541 2186 1637 2223 Bac-

134 2253 257 2291 chiaci
287 2254 410 2303 igitur
439 2266 576 2290 versus
609 2253 743 2290 cretici
773 2257 865 2291 sunt
897 2267 983 2291 cum
1015 2253 1195 2291 anacrusi
1226 2252 1405 2300 iambica,
1434 2257 1474 2290 et
1502 2267 1637 2291 carere

132 2323 361 2371 poteramus
384 2321 453 2357 illo
477 2321 644 2368 nomine,
671 2322 740 2359 sed
763 2322 980 2359 retinemus
1014 2321 1076 2359 vel
1108 2321 1408 2359 consuetudinis
1440 2321 1501 2358 vel
1533 2335 1636 2359 com-

132 2388 338 2426 moditatis
369 2401 496 2426 causa.
546 2388 648 2426 Nam
679 2389 1024 2439 frequentissimus
1054 2389 1170 2426 huius
1201 2389 1354 2438 generis
1385 2402 1536 2435 versus,
1570 2390 1637 2438 qui

134 2470 182 2494 ex
219 2456 371 2503 iambo,
413 2456 566 2495 duobus
607 2458 783 2504 creticis,
827 2457 979 2495 duobus
1019 2457 1204 2495 trochaeis
1243 2459 1415 2503 constat,
1457 2455 1560 2493 idem
1600 2458 1637 2493 in

134 2528 328 2575 quattuor
371 2523 556 2562 bacchios
601 2525 726 2562 dividi
771 2529 907 2575 potest
951 2525 1143 2574 brevique
1189 2528 1228 2561 et
1273 2524 1442 2573 simplici
1480 2525 1637 2562 nomine

133 2595 430 2630 tetrameter
459 2592 754 2630 bacchiacus
786 2593 981 2644 appellari
1007 2593 1109 2630 solet
1141 2586 1634 2642 (ν--Ιν--Ιν--Ι

135 2658 311 2707 v——).
362 2659 486 2706 Quam
518 2660 722 2698 dividendi
752 2662 947 2698 rationem
979 2661 1046 2710 qui
1079 2674 1124 2698 eo
1157 2661 1313 2698 nomine
1345 2660 1633 2706 commendant,

170 2813 202 2857 *)
229 2813 521 2849 Coniunctorum
539 2825 710 2849 versuum
730 2815 954 2860 paucissima
973 2815 1143 2860 exempla
1162 2817 1258 2857 sunt,
1278 2817 1320 2848 ut
1333 2813 1464 2848 Pseud.
1482 2815 1568 2849 1332
1583 2826 1634 2858 sq.

228 2869 467 2915 „adprobalre
486 2870 594 2906 Hunc
615 2871 798 2925 gregen1“.
831 2872 941 2917 Epid.
965 2874 1028 2908 173
1049 2883 1101 2916 sq.
1126 2870 1288 2915 „credidi
1308 2869 1471 2914 ulxorem
1492 2870 1632 2914 quan1“.
