1926 3275
279 315 298 353 1
305 314 358 354 88
886 309 1168 354 Prolegomena.

277 443 316 477 et
352 439 726 490 proceleusmaticus
771 438 962 488 anapaesti
1006 437 1092 475 loco
1139 438 1235 488 poni
1278 442 1425 489 potest.
1483 439 1679 477 Miillerus
1716 440 1778 478 Pl.

275 508 386 545 Pros.
432 521 470 558 p.
511 507 592 544 404
638 520 724 556 sqq.
770 506 907 543 multis
951 505 1146 543 Plautinae
1190 507 1232 543 in
1276 506 1338 543 his
1383 507 1563 545 versibus
1606 508 1778 546 licentiae

277 576 408 613 allatis
441 575 629 624 exemplis
663 575 781 611 etiam
813 574 999 610 creticum
1031 577 1069 610 et
1097 587 1278 623 paeonem
1304 575 1515 624 anapaestis
1541 575 1779 614 substitutos

278 657 360 681 esse
391 642 574 680 affirmat.
619 642 780 679 Rectius
798 640 992 679 Christius
1017 639 1185 688 (Metrik
1207 655 1246 692 p.
1267 643 1346 680 269
1373 639 1450 692 sq.)
1475 645 1648 681 statuere
1670 644 1780 681 vide-

276 715 353 758 tur,
376 710 563 748 Plautum
586 723 666 747 non
691 708 798 746 aliud
822 708 899 746 sibi
923 710 1040 746 metri
1057 709 1213 747 schema
1228 710 1460 748 informasse
1477 724 1595 761 quam
1611 710 1780 759 Graecos,

279 778 349 815 sed
379 780 420 814 in
451 777 674 815 difficiliore
704 780 831 814 metro
863 777 1094 827 prosodiam
1124 779 1255 815 minus
1280 781 1463 815 accurate
1489 792 1679 817 servasse.
1724 779 1782 818 Ut

277 849 323 883 ut
369 849 446 893 est,
492 849 576 882 tam
622 844 750 882 scabri
796 858 898 895 saepe
937 845 1112 882 evadunt
1149 846 1321 892 numeri,
1360 848 1406 882 ut
1437 845 1665 884 Terentium
1702 860 1783 885 non

278 915 466 951 miremur
496 913 544 951 ab
574 913 622 950 iis
652 925 814 962 prorsus
845 912 1095 950 abstinuisse.

391 982 479 1020 Uno
524 981 642 1018 huius
687 981 843 1030 generis
893 994 1011 1018 versu
1055 980 1221 1018 Plautus
1267 982 1356 1017 κατὰ
1401 983 1527 1028 στίχον
1569 995 1665 1019 usus
1709 985 1781 1030 est,

280 1049 593 1100 septenario,
639 1050 666 1086 i.
714 1062 746 1086 e.
793 1051 1028 1085 tetrametro
1074 1048 1322 1096 catalectico,
1371 1063 1487 1100 quem
1532 1048 1658 1087 Graeci
1701 1064 1784 1089 non

278 1118 477 1154 immerito
504 1116 841 1167 Aristophaneum
872 1116 1071 1172 dixerunt.
1133 1117 1171 1153 Is
1202 1116 1419 1166 legitimam
1449 1117 1570 1154 habet
1600 1117 1784 1155 diaeresin

278 1187 369 1235 post
401 1187 585 1233 quartum
615 1184 769 1234 pedem,
801 1184 937 1233 ibique
970 1184 1089 1221 etiam
1114 1184 1266 1222 hiatum
1291 1185 1365 1222 sibi
1387 1185 1586 1235 permittit
1601 1185 1783 1224 Plautus.

280 1251 402 1290 Scena
431 1252 492 1289 his
523 1252 704 1290 versibus
736 1253 886 1302 scripta
916 1252 1062 1289 nobilis
1091 1255 1200 1289 extat
1220 1252 1307 1290 Mil.
1337 1254 1442 1291 1005
1468 1266 1555 1303 sqq.
1601 1252 1784 1290 Ceterum

281 1320 577 1358 acatalectis
615 1320 696 1357 fere
734 1321 916 1358 versibus
953 1321 1100 1367 utitur,
1140 1321 1166 1357 i.
1200 1334 1232 1358 e.
1264 1321 1438 1358 numeris
1476 1321 1517 1358 in
1556 1322 1784 1370 systematis

280 1388 438 1425 modum
470 1389 720 1425 continuatis.
783 1387 910 1426 Graeci
939 1388 1013 1425 hoc
1042 1401 1166 1437 genus
1197 1392 1329 1426 amant
1367 1392 1425 1437 et,
1459 1390 1553 1440 quia
1591 1390 1785 1440 anapaesti

283 1455 454 1505 dipodiis
485 1456 675 1493 metiendi
706 1459 810 1502 sunt,
840 1455 1019 1493 dimetris
1045 1455 1266 1493 describere
1292 1457 1438 1504 solent;
1469 1457 1628 1505 longam
1651 1460 1785 1494 autem

282 1523 539 1561 dimetrorum
571 1524 711 1561 seriem
744 1523 994 1561 catalecticus
1024 1525 1212 1561 terminat
1233 1538 1381 1572 versus,
1408 1525 1576 1562 maxime
1603 1525 1783 1572 dimeter,

283 1592 351 1640 qui
380 1592 638 1641 paroemiacus
671 1592 828 1629 dicitur.
890 1592 1043 1639 Latini,
1075 1595 1121 1629 ut
1152 1591 1321 1639 iambos,
1354 1593 1410 1630 ita
1440 1596 1664 1644 anapaestos
1695 1605 1785 1631 eon-

280 1660 456 1696 tinuatos
488 1659 569 1696 fere
595 1660 636 1696 in
663 1661 887 1698 octonarios
914 1659 1204 1707 describebant,
1238 1662 1611 1711 octonariorumque
1641 1661 1784 1699 seriem

281 1729 349 1763 aut
379 1727 625 1776 septenarius
656 1731 725 1765 aut
753 1727 911 1765 brevior
941 1741 1078 1765 versus
1118 1741 1205 1765 cum
1244 1729 1410 1766 catalexi
1448 1730 1657 1777 terminat3
1689 1729 1786 1779 ipsis

282 1798 414 1831 autem
445 1795 659 1833 octonariis
693 1808 796 1846 saepe
830 1797 1139 1846 interponuntur
1165 1796 1325 1833 dimetri
1354 1794 1631 1846 (quaternarii)
1665 1800 1787 1847 atque

282 1863 398 1900 etiam
437 1865 674 1900 monometri
712 1867 752 1901 et
789 1864 1025 1911 hexametri,
1066 1877 1137 1901 nec
1176 1864 1400 1914 interrupto
1441 1868 1653 1913 systemate
1691 1864 1786 1902 soli-

280 1934 345 1967 tus
375 1931 479 1967 redit
505 1932 798 1968 octonariorum
826 1931 935 1969 ordo.
985 1932 1286 1970 Octonariorum
1318 1933 1496 1983 exempla
1525 1931 1663 1970 videas
1693 1933 1787 1970 licet

281 1999 371 2035 Aul.
406 2000 486 2036 702
520 2013 605 2049 sqq.
640 1998 769 2037 Casin.
805 2000 883 2037 680
917 2014 1001 2050 sqq.

767 2112 1042 2151 Paeonicum
1076 2116 1303 2160 metrum,

282 2202 315 2238 si
347 2215 393 2238 ex
422 2204 526 2240 veris
557 2203 765 2253 paeonibus
798 2204 1061 2254 componitur,
1093 2206 1260 2253 propter
1284 2203 1581 2241 multitudinem
1607 2203 1786 2241 brevium

282 2270 524 2318 syllabarum
556 2270 702 2308 Graecae
742 2284 859 2320 quam
890 2271 1045 2308 Latinae
1085 2271 1230 2319 linguae
1261 2272 1395 2321 aptius
1427 2274 1497 2309 est.
1559 2271 1692 2309 Latini
1720 2273 1786 2310 vel

280 2342 445 2388 propter
489 2339 631 2388 linguae
677 2339 878 2386 ingenium
923 2339 986 2376 vel
1030 2342 1198 2389 propter
1243 2340 1450 2387 gravitatis
1488 2353 1662 2377 amorem
1700 2353 1785 2377 eam

282 2406 363 2443 fere
394 2406 560 2443 formam
590 2406 837 2455 probabant,
871 2408 911 2444 in
943 2420 1020 2455 qua
1051 2408 1264 2444 contractis
1297 2407 1449 2444 duabus
1486 2407 1674 2445 brevibus
1711 2420 1784 2458 pro

282 2486 419 2523 paeone
451 2475 666 2511 creticus
698 2473 754 2511 fit.
816 2474 1010 2512 Fecerant
1045 2475 1120 2512 hoc
1158 2476 1314 2525 antiqui
1346 2474 1490 2522 Graeci,
1529 2479 1575 2512 ut
1610 2475 1782 2522 videtur,

282 2541 360 2577 iam
393 2540 483 2577 inde
517 2554 539 2577 a
569 2541 745 2579 Thaletae
778 2541 977 2580 Cretensis
1007 2546 1203 2593 tempore,
1235 2546 1281 2580 ut
1313 2543 1486 2580 carmina
1516 2545 1586 2580 aut
1615 2556 1662 2580 ex
1692 2543 1785 2580 solis

284 2609 439 2645 creticis
486 2613 554 2646 aut
597 2610 741 2658 quibus
780 2611 895 2659 pauci
933 2610 1145 2648 admodum
1182 2623 1340 2661 paeones
1386 2610 1606 2647 intermixti
1652 2613 1785 2647 essent

283 2680 577 2724 componerent.
636 2676 779 2713 Cretici
811 2678 1065 2727 appellantur
1097 2678 1288 2715 eiusmodi
1318 2691 1475 2724 versus;
1506 2691 1596 2725 nec,
1629 2678 1662 2714 si
1693 2678 1783 2727 quis

283 2742 381 2779 hanc
413 2744 580 2791 speciem
612 2745 873 2793 antiquiorem
904 2748 973 2782 aut
1003 2745 1239 2783 saltantibus
1271 2746 1632 2783 convenientiorem
1663 2744 1786 2792 dicat,

283 2823 355 2846 nos
387 2810 704 2859 repugnabimus.
752 2811 810 2848 Ne
830 2812 1056 2849 Hermanno
1090 2813 1249 2862 quidem
1280 2813 1541 2863 obloquemur
1571 2811 1784 2850 affirmanti

289 2877 566 2924 „manifestum
608 2890 711 2925 esse,
759 2880 946 2916 creticum
991 2880 1092 2916 nihil
1137 2880 1245 2917 aliud
1291 2894 1372 2918 esse
1419 2893 1535 2931 quam
1581 2879 1783 2930 dipodiam
