1926 3275
145 321 171 364 I,
189 323 220 364 2,
238 322 358 363 14—3,
374 322 394 354 3
779 320 1014 364 Amphitruo.

201 447 313 488 Nam
343 446 600 500 Amphitruo
633 450 832 488 actutum
862 447 987 488 uxori
1019 446 1170 488 turbas
1205 446 1388 497 conciet,

201 519 343 572 Atque
375 519 646 560 insimulabit
678 533 774 560 eam
804 519 972 573 probri3
1005 523 1098 560 tum
1130 534 1250 560 meus
1282 523 1410 571 pater

202 591 312 632 Eam
344 591 599 632 seditionem
630 592 693 632 illi
724 592 767 631 in
799 591 1086 644 tranquillum
1118 591 1323 631 conferet.

202 664 326 705 Nunc
359 663 411 704 de
444 663 682 704 Alcumena
713 664 875 705 dudum
906 663 1022 716 quod
1054 663 1141 703 dixi
1172 664 1324 713 minus,

203 736 342 777 Hodie
374 736 450 776 illa
480 736 621 789 pariet
652 735 761 777 filios
793 736 984 788 geminos
1018 735 1143 787 du0s3

202 808 325 849 Alter
357 807 536 849 decumo
570 812 667 862 post
698 822 843 849 mense
874 811 1079 849 nascetur
1111 822 1218 861 puer

203 879 341 929 Quam
372 880 642 931 seminatust,
678 880 791 921 alter
821 894 967 921 mense
1000 884 1210 933 septumo.

202 952 365 993 Eorum
395 952 723 1006 Amphitruonis
755 952 865 993 alter
897 957 974 999 est,
1009 952 1122 993 alter
1154 952 1290 1003 Iouis;

202 1024 365 1065 Uerum
395 1025 551 1065 minori
583 1039 716 1078 puero
749 1025 886 1065 maior
918 1028 984 1065 est
1015 1028 1152 1078 pater,

203 1096 345 1137 Minor
376 1097 541 1137 maiori.
590 1096 737 1137 Iamne
770 1097 853 1137 hoc
884 1097 1016 1145 scitis,
1050 1096 1154 1149 quid
1186 1097 1296 1138 siet?

203 1168 287 1210 Sed
318 1169 582 1210 Alcumenae
615 1169 742 1210 huius
775 1168 950 1210 honoris
983 1169 1127 1221 gratia

202 1240 333 1282 Pater
365 1242 548 1292 curauit,
581 1255 666 1282 uno
698 1245 747 1282 ut
776 1241 869 1282 fetu
900 1240 1035 1292 fieret,

202 1312 298 1354 Uno
330 1317 380 1354 ut
410 1313 562 1354 labore
594 1313 798 1354 absoluat
829 1327 1058 1355 aerumnas
1092 1312 1211 1360 duas,

202 1385 259 1426 Et
289 1399 342 1426 ne
372 1386 415 1426 in
447 1386 690 1439 suspicione
723 1390 912 1439 ponatur
942 1385 1096 1438 stupri,

204 1457 260 1498 Et
292 1457 565 1498 clandestina
596 1462 645 1498 ut
677 1457 843 1498 celetur
876 1457 1111 1498 consuetio.

205 1529 487 1582 Quamquam,
519 1534 567 1570 ut
598 1530 685 1570 iam
717 1529 878 1570 dudum
911 1530 1010 1576 dixi,
1043 1530 1248 1571 resciscet
1278 1534 1430 1572 tamen

203 1601 463 1655 Amphitruo
495 1616 586 1642 rem
618 1616 800 1642 omnem.
848 1601 959 1650 Quid
992 1602 1154 1654 igitur?
1185 1617 1310 1643 nemo
1342 1602 1385 1643 id
1418 1603 1578 1656 probro

203 1673 405 1714 Profecto
439 1673 567 1714 ducet
597 1673 879 1723 Alcumenae,
912 1687 1011 1713 nam
1045 1673 1172 1715 deum

202 1746 299 1787 Non
331 1760 412 1800 par
442 1745 616 1786 uidetur
646 1745 802 1791 facere,
837 1744 1042 1785 delictum
1074 1760 1197 1785 suum

204 1818 418 1871 Suamque
452 1817 624 1871 culpam
658 1821 862 1870 expetere
894 1818 937 1857 in
969 1817 1195 1857 mortalem
1227 1821 1274 1858 ut
1306 1817 1431 1858 sinat.

204 1890 455 1931 Orationem
487 1890 776 1943 conprimam3
811 1890 979 1943 crepuit
1011 1888 1127 1930 soris.

203 1961 461 2015 Amphitruo
493 1961 733 2002 subditiuos
766 1975 917 2002 eccum
949 1962 1038 2002 exit
1068 1961 1184 2002 foras

205 2032 313 2074 Cum
342 2033 581 2074 Alcumena
611 2047 745 2074 uxore
777 2034 987 2074 usuraria.

361 2290 638 2333 IUPPITER.
699 2290 1024 2333 ALCUMENA.
1087 2291 1434 2334 MERCURIUS.

779 2394 1025 2447 Iuppiter

1599 325 1651 362 29

1584 663 1651 696 475

1585 1026 1653 1058 480

1584 1389 1652 1422 485

1584 1748 1652 1781 490

147 2465 263 2506 Bene
296 2465 406 2511 uale,
439 2465 688 2515 Alcumena,
723 2479 828 2506 cura
859 2480 949 2506 rem
982 2480 1263 2512 communem,
1288 2465 1402 2517 quod
1427 2465 1546 2516 facis,
1581 2472 1648 2505 495

147 2537 288 2590 Atque
321 2538 495 2590 inperce
527 2551 707 2589 quaeso,
741 2538 898 2578 mensis
930 2538 1015 2577 iam
1048 2537 1126 2577 tibi
1159 2552 1249 2578 esse
1282 2541 1402 2577 actos
1433 2537 1567 2578 uides.

147 2608 253 2650 Mihi
285 2613 504 2650 necessest
535 2609 596 2649 ire
628 2608 747 2660 hinc;
780 2623 930 2649 uerum
964 2608 1076 2661 quod
1110 2609 1194 2649 erit
1227 2613 1373 2649 natum
1406 2608 1560 2649 tollito.

239 2794 305 2826 472
331 2792 472 2826 contiet
556 2794 623 2826 473
648 2793 877 2826 insimulauit
902 2804 981 2826 eam
1008 2793 1197 2836 proprium
1223 2804 1324 2827 meus
1402 2794 1469 2825 478
1495 2793 1647 2826 semina-

148 2851 207 2881 tus
289 2850 356 2883 486
381 2849 521 2882 celetur
547 2849 708 2892 suspicio
798 2852 864 2882 488
891 2849 977 2892 quid
1004 2849 1126 2891 agitur
1207 2851 1268 2883 491
1300 2850 1480 2892 Suamque
1507 2853 1547 2882 ut
1574 2862 1580 2879 ‹

149 2916 233 2947 pam
305 2907 370 2939 495
396 2905 484 2949 quid
554 2907 620 2939 496
647 2908 696 2939 At
722 2907 810 2950 quin
836 2917 948 2949 perge·

1586 2850 1647 2881 ·111-
