1926 3275
266 346 348 386 208
877 338 1158 382 Prolegomena.

264 471 478 509 licentiam.
525 469 626 506 Nam
654 472 700 506 ut
729 467 836 518 apud
866 467 998 517 epicos
1024 470 1165 516 poetas
1200 463 1368 513 „endo“,
1405 463 1590 513 „immo“,
1628 463 1766 513 ‚,octo“

267 539 547 588 corripiuntur,
579 537 636 573 ita
666 534 773 586 apud
804 535 990 572 Plautum
1022 535 1141 571 etiam
1175 530 1340 582 quando
1370 537 1560 583 sequente
1592 530 1772 582 quidem,

266 622 303 645 v.
333 607 440 644 Men.
474 606 595 643 1003.
640 603 762 641 Merc.
798 603 891 640 l69.
937 602 1046 639 Trin.
1080 602 1174 639 352.
1209 602 1303 639 991.
1364 601 1496 650 Negat
1536 600 1773 651 Spengelius

266 689 305 725 p.
332 676 398 722 77,
431 673 501 710 sed
529 673 587 709 ita
616 675 662 709 ut
697 668 904 721 „quidem“
939 668 1253 719 monosyllabum
1284 668 1371 706 fieri
1402 672 1443 706 et
1473 669 1635 707 elisione
1659 681 1773 719 pror-

267 756 332 780 sus
368 741 500 792 perire
540 743 710 777 censeat.
771 738 852 776 Nec
889 738 1018 775 minus
1055 735 1096 775 Si
1133 740 1225 775 ante
1265 734 1452 786 quidem,
1483 749 1521 774 v.
1553 736 1644 774 Aul.
1679 737 1773 773 678.

267 809 410 848 Bacch.
444 809 538 846 352.
584 807 704 844 Most.
739 808 833 844 659.
880 805 982 843 Rud.
1015 805 1111 843 484.
1144 805 1194 842 al.
1226 818 1262 844 v.
1296 804 1478 854 Spengel.
1514 818 1554 854 p.
1588 805 1639 842 75
1672 817 1772 854 sqq.,

269 877 445 927 quamvis
483 890 565 914 rem
602 879 731 925 neget.
792 874 915 911 Recte
955 887 1049 911 vero
1080 873 1185 910 idem
1215 873 1261 911 V.
1293 872 1342 910 D.
1373 886 1413 923 p.
1448 873 1499 909 62
1533 885 1620 922 sqq.
1653 872 1774 909 anim-

270 945 460 992 advertit,
500 942 666 994 frustra
705 942 813 992 apud
842 942 1030 979 Plautum
1069 944 1298 979 constanter
1336 940 1519 978 ultimam
1561 940 1774 990 corripere.

267 1013 398 1050 Etiam
438 1023 462 1050 α
498 1011 731 1062 praepositio
779 1010 993 1060 corripitur
1030 1010 1152 1048 Most.
1186 1009 1280 1046 994.
1326 1007 1470 1046 Pseud.
1505 1008 1627 1046 1141.
1665 1007 1774 1045 Trin.

271 1082 364 1118 969.
424 1075 608 1118 Ecastor
645 1079 817 1129 primam
857 1078 1024 1128 corripit
1062 1076 1323 1115 antecedente
1361 1089 1446 1114 voc.
1486 1074 1773 1125 monosyllabo,

270 1147 484 1185 secundum
513 1147 690 1196 regulam
720 1146 892 1192 Mulleri,
927 1146 995 1195 qui
1024 1145 1132 1183 locos
1164 1145 1324 1194 collegit
1354 1158 1393 1195 p.
1428 1145 1522 1182 387.

383 1216 542 1265 Itaque,
581 1218 628 1252 ut
666 1215 798 1252 omnia
835 1213 1012 1251 breviter
1049 1212 1449 1264 comprehendamus,
1482 1211 1669 1249 Plautum
1706 1224 1776 1261 ap-

269 1287 387 1335 paret
432 1297 535 1333 saepe
574 1282 731 1321 vocales
768 1281 905 1331 longas
947 1282 1166 1332 corripere,
1206 1281 1248 1318 in
1287 1282 1336 1318 iis
1382 1281 1525 1318 saltem
1570 1278 1776 1317 vocabulis

272 1355 341 1389 aut
374 1351 660 1389 vocabulorum
695 1350 898 1400 partibus,
941 1362 1027 1399 quae
1065 1349 1186 1386 iambi
1217 1349 1384 1387 formam
1428 1347 1650 1399 praebeant.
1709 1346 1778 1383 Fit

270 1421 344 1458 hoc
385 1419 585 1470 praecipue
628 1419 668 1455 in
713 1417 921 1468 particulis
968 1421 1008 1455 et
1052 1417 1375 1468 pronominibus3
1419 1430 1463 1454 ac
1500 1415 1656 1453 facilius
1694 1414 1777 1452 haec

270 1475 435 1526 licentia
463 1488 505 1524 in
534 1486 662 1536 primo
693 1485 795 1536 pede
821 1486 969 1522 senarii
992 1498 1036 1523 ac
1062 1485 1278 1536 septenarii
1308 1484 1500 1522 trochaici
1531 1482 1776 1529 conceditur,

271 1558 330 1593 ita
367 1559 413 1593 ut
448 1568 522 1605 pro
563 1554 683 1604 longa
718 1552 871 1602 syllaba
900 1556 1073 1603 ponatur
1102 1552 1268 1590 iambus.
1332 1552 1411 1590 Sed
1440 1565 1511 1589 nec
1541 1551 1602 1588 his
1632 1549 1778 1588 finibus

273 1624 403 1661 onmia
434 1623 732 1672 circumscripta
769 1624 881 1667 sunt,
922 1624 961 1658 et
997 1624 1085 1658 tota
1122 1620 1205 1658 haec
1243 1633 1305 1658 res
1337 1633 1384 1658 ex
1415 1621 1666 1670 antiquorum
1696 1618 1778 1656 elo·

273 1690 421 1741 quendi
460 1691 615 1727 ratione
655 1693 751 1740 apta
789 1692 866 1736 est,
908 1701 1025 1738 quam
1063 1702 1135 1725 nos
1168 1689 1416 1739 ignoramus3
1449 1700 1573 1738 quare
1602 1687 1644 1724 in
1674 1685 1778 1724 iudi-

274 1759 420 1806 cando,
454 1758 550 1808 quid
579 1757 665 1795 fieri
698 1760 767 1794 aut
803 1756 931 1807 possit
971 1759 1040 1793 aut
1079 1770 1158 1794 non
1188 1757 1336 1807 possit,
1369 1768 1522 1793 summa
1553 1754 1711 1793 cautela
1740 1756 1780 1792 et

272 1827 469 1865 modestia
501 1824 725 1863 adhibenda
756 1828 827 1862 est.

387 1961 492 1999 Illud
515 1960 752 2007 addendum,
777 1960 819 1996 in
842 1959 1025 1997 Graecis
1055 1958 1279 1997 nominibus
1308 1959 1430 1996 latius
1455 1959 1634 2009 patuisse
1658 1958 1778 1996 licen·

273 2031 371 2067 tiam
408 2029 603 2066 vocalium
641 2028 703 2066 vel
741 2028 919 2064 brevium
956 2027 1301 2077 producendarum
1338 2026 1402 2064 vel
1438 2026 1779 2076 corripiendarum

274 2098 494 2147 longarum.
540 2095 642 2132 Nam
672 2099 716 2132 ut
749 2095 856 2146 apud
887 2096 1018 2145 epicos
1048 2098 1188 2145 poetas
1213 2095 1331 2131 metri
1353 2094 1590 2131 necessitate
1616 2096 1779 2144 cogente

281 2161 546 2212 ,‚Priamides“
583 2165 752 2213 primam
782 2162 980 2213 producit,
1014 2163 1072 2199 ita
1105 2162 1211 2212 apud
1241 2162 1428 2199 Plautum
1459 2163 1590 2212 prima
1623 2161 1780 2211 syllaba

275 2232 458 2271 vocabuli
488 2227 726 2278 Acheruns,
769 2243 854 2280 quae
896 2230 1003 2280 apud
1034 2230 1192 2268 Graecos
1222 2230 1356 2268 brevis
1388 2232 1466 2277 est,
1500 2242 1603 2279 saepe
1633 2229 1780 2279 produ-

277 2302 390 2338 citur.
451 2299 612 2348 Semper
648 2299 809 2347 longam
845 2312 929 2335 esse
959 2298 1192 2348 Spengeh’us
1223 2311 1261 2347 p.
1297 2298 1348 2335 69
1381 2310 1467 2347 sqq.
1506 2297 1678 2347 probare
1716 2308 1780 2334 co-

276 2372 392 2406 natus
429 2372 506 2415 est,
540 2367 608 2405 sed
638 2367 798 2403 frustra.
829 2386 887 2391 —
917 2366 1028 2404 Cure.
1062 2367 1142 2404 430
1181 2362 1599 2414 ‚‚Therap0ntigonus“
1634 2364 1781 2412 legitur

277 2436 449 2473 secunda
473 2436 603 2485 longa.
629 2455 685 2460 —
708 2434 795 2471 Huc
825 2434 965 2471 referri
995 2438 1155 2485 poterat
1185 2435 1304 2471 etiam
1335 2447 1412 2470 vox
1445 2429 1661 2481 trapezita,
1694 2444 1781 2481 quae

277 2517 380 2554 saepe
410 2505 577 2553 primam
608 2502 805 2552 producit,
838 2502 914 2538 nisi
947 2502 1195 2552 probabilior
1221 2505 1324 2539 esset
1345 2500 1552 2538 Ritschelii
1583 2499 1782 2537 sententia

278 2569 438 2621 (Opusc.
455 2571 504 2617 II,
529 2585 568 2620 p.
592 2571 670 2607 524
689 2567 807 2620 sqq.),
834 2570 901 2619 qui
917 2570 1118 2607 Romanos
1143 2570 1327 2618 antiquos
1350 2568 1484 2618 potius
1511 2565 1781 2616 impes-§itam

279 2639 422 2675 dixisse
453 2642 581 2688 putat.
642 2637 742 2674 Nam
781 2650 867 2687 quae
909 2637 1016 2687 apud
1047 2637 1204 2675 Graecos
1246 2638 1353 2687 ipsos
1383 2635 1583 2673 interdum
1612 2633 1659 2672 fit
1688 2635 1729 2672 in
1758 2645 1781 2673 r

278 2706 413 2742 littera
444 2719 530 2742 cuin
561 2709 671 2742 muta
702 2706 912 2742 coniuncta
935 2705 1195 2754 transpositio
1224 2698 1385 2754 (θράσος
1410 2707 1450 2740 et
1472 2703 1628 2752 θάρσος,
1654 2703 1780 2752 κράτος

280 2777 319 2810 et
349 2774 493 2822 κάρτος,
525 2773 684 2821 ἄτρωτος
715 2776 754 2809 et
785 2773 962 2821 ἄωρπος,
993 2773 1122 2821 καρδία
1153 2775 1192 2809 et
1222 2769 1388 2821 κραδίη),
1421 2784 1468 2808 ea
1499 2771 1640 2819 saepius
1673 2769 1781 2820 apud

282 2841 464 2890 antiquos
496 2840 663 2877 Latinos
702 2840 809 2877 facta
849 2840 1027 2886 videtur,
1060 2840 1169 2877 velut
1201 2843 1240 2876 et
1269 2839 1534 2876 Trasumenus
1566 2841 1605 2876 et
1634 2837 1779 2874 Tarsu-

280 2922 415 2945 mcnus
446 2907 652 2945 dicebatur
683 2905 736 2954 (v.
760 2908 923 2953 Quintil.
947 2908 976 2954 I,
1004 2909 1039 2954 5,
1069 2908 1130 2944 13.
1162 2907 1300 2956 Polyb.
1332 2907 1401 2954 ΙΙΙ,
1436 2904 1519 2953 82),
1552 2904 1779 2943 Graecorum
