1926 3275
745 316 787 350 V.
813 317 1006 351 503—517.
1546 318 1599 357 23
1605 319 1628 356 3

121 449 285 486 tilianus
309 447 346 494 I,
374 447 417 493 4,
445 447 489 483 8:
532 446 597 492 „in
627 441 723 483 llere
757 459 884 495 neque
915 455 936 482 e
964 445 1083 495 plane
1119 457 1246 493 neque
1277 441 1292 480 ἱ
1322 440 1522 481 auditur“.
1583 444 1629 481 In

122 516 320 554 Plautinis
361 514 475 553 codd.
517 514 679 564 optimis
716 513 799 550 fere
838 527 992 563 semper
1030 509 1117 550 heri
1157 511 1362 559 scribitur3
1395 508 1490 549 ltere
1521 516 1631 549 extat

121 584 208 622 Mil.
243 585 293 621 59
341 586 380 620 et
418 582 527 619 Pers.
572 583 671 628 109,
718 581 797 618 vid.
836 581 986 618 Ritsch.
1027 580 1170 631 Opusc.
1208 579 1267 627 Π7
1314 593 1403 629 pag.
1445 580 1525 616 254
1571 593 1629 630 sq.

122 652 288 699 Muller,
320 651 381 688 Pl.
413 649 605 688 Prosodie
636 663 674 700 p.
713 649 790 686 189
823 663 880 699 sq.
912 669 968 674 —
1001 649 1094 686 511.
1127 644 1484 697 32Q21)611·a32‘tabor‚
1516 662 1630 698 para-

121 721 191 758 siti
237 723 275 757 et
321 719 576 756 assentatoris
621 717 737 754 modo
784 717 1035 762 subveniam,
1085 717 1132 754 cf.
1175 717 1268 753 986.
1314 715 1400 752 Mil.
1435 717 1529 754 350.
1575 736 1632 740 —

126 786 219 826 513.
253 783 441 836 ecflictim
483 785 530 834 (Β
560 787 697 836 priore
735 785 820 822 loco
856 782 1101 832 „afflictim“,
1136 781 1306 831 errore),
1341 784 1364 821 i.
1399 797 1430 821 e.
1462 783 1629 834 perdite,

124 856 171 894 cf.
205 855 335 893 Oasin.
370 856 436 892 49.
497 855 619 892 Mero.
653 855 749 891 435.
809 853 916 890 Poen.
954 853 1073 890 1098.
1134 852 1285 889 Nonius
1323 866 1362 901 p.
1400 853 1477 889 104
1518 851 1632 888 affert

123 924 353 974 Pomponii:
400 923 513 970 „Scio
551 923 622 973 pol
660 925 698 958 te
728 921 836 958 illam
869 934 1002 958 amare
1035 917 1253 957 efflictim“.
1313 920 1497 957 Laberii:
1535 919 1630 967 „do-

122 993 229 1029 mina
259 994 398 1029 nostra
427 992 655 1041 privignum
685 1003 801 1027 suum
832 993 938 1026 amat
962 985 1180 1025 efflictim“.
1226 987 1420 1035 Ecfligere
1445 988 1547 1024 enim
1572 992 1631 1024 est

122 1063 395 1110 prosternere,
434 1059 620 1108 perdere,
661 1072 697 1095 v,
730 1058 840 1094 Asin.
876 1058 968 1094 811.
1016 1055 1110 1093 Cist.
1146 1057 1239 1093 356.
1271 1076 1327 1081 —
1357 1066 1442 1093 non
1483 1066 1554 1105 ⁶³90
1595 1055 1631 1093 te

121 1124 254 1167 noui?
282 1128 433 1165 scilicet
463 1127 602 1174 talem,
635 1127 704 1176 qui
734 1139 812 1163 non
844 1138 938 1162 vera
967 1124 1045 1161 fide
1083 1123 1152 1160 sed
1191 1123 1357 1160 ludibrii
1397 1137 1516 1160 causa
1554 1124 1631 1160 ista

122 1197 244 1243 dieas,
269 1196 332 1233 vel
356 1196 424 1245 qui
447 1195 655 1244 impudens
681 1194 753 1240 sis3
779 1193 951 1231 sciebam
976 1196 1016 1229 te
1040 1191 1310 1241 impudentem
1335 1205 1431 1229 esse.
1456 1212 1514 1217 —
1537 1191 1631 1228 Post

122 1262 223 1303 noui
243 1264 376 1302 hiatus
401 1266 443 1301 in
469 1276 635 1309 caesura;
659 1262 808 1299 Miiller
836 1260 954 1308 „abin
977 1257 1094 1297 hinc“
1121 1260 1293 1296 volebat.
1320 1279 1376 1284 —
1402 1261 1496 1296 515.
1526 1256 1636 1308 Quid

123 1329 196 1371 tibi
225 1329 330 1370 hemo
361 1328 561 1369 curatiost
588 1340 675 1368 «rem
707 1329 779 1367 aut
808 1324 1017 1366 mzcttitio?
1046 1329 1071 1366 i.
1097 1342 1128 1365 e.
1161 1327 1264 1374 Quid
1287 1327 1388 1365 hanc
1412 1341 1494 1364 rem
1519 1341 1633 1364 curas

124 1405 193 1440 aut
225 1401 322 1452 quid
350 1398 517 1438 muttis‘?
550 1398 810 1437 Substantiva
839 1397 1015 1435 verbalia
1046 1397 1086 1433 in
1118 1393 1156 1434 ἕο
1189 1409 1291 1445 saepe
1317 1396 1422 1446 apud
1448 1396 1631 1445 antiquos

124 1469 332 1507 verborum
365 1468 485 1506 modo
510 1471 728 1517 ponuntur,
755 1470 800 1504 ut
822 1466 942 1504 Most.
970 1467 1014 1503 6:
1052 1464 1181 1512 „Quid
1212 1465 1287 1501 tibi
1318 1465 1382 1501 hic
1414 1467 1505 1500 ante
1537 1463 1632 1501 aedis

125 1534 455 1582 clamitatiost?“,
477 1540 596 1585 atque
621 1536 741 1572 etiam
766 1534 963 1571 obiectum
989 1534 1064 1571 sibi
1083 1533 1318 1582 adiungunt,
1338 1536 1380 1569 ut
1399 1532 1511 1570 Asin.
1532 1532 1631 1569 911:

129 1605 256 1653 „Quid
293 1605 367 1642 tibi
404 1604 507 1642 hunc
539 1604 714 1653 recept-io
747 1603 796 1640 ad
828 1600 960 1640 test?“
1024 1602 1113 1639 Aul.
1149 1602 1250 1639 415:
1297 1600 1425 1648 „Quid
1456 1599 1531 1636 tibi
1562 1613 1633 1636 nos

125 1670 342 1711 t-actiost‘?“
402 1672 449 1710 cf.
482 1672 578 1710 ibid.
613 1673 707 1709 735.
771 1670 884 1709 Cure.
919 1671 1013 1707 624.
1076 1669 1205 1707 Casin.
1241 1670 1335 1707 383.
1395 1668 1502 1706 Men.
1538 1669 1631 1705 995.

126 1742 232 1779 Poen.
269 1742 389 1779 1312.
422 1740 544 1778 Most.
580 1742 651 1778 33:
689 1739 819 1787 „Quid
848 1739 923 1776 tibi
954 1752 1014 1775 me
1047 1741 1114 1775 aut
1146 1737 1242 1787 quid
1274 1749 1346 1785 ego
1380 1749 1491 1786 agam
1523 1749 1633 1773 cura-

124 1808 273 1848 tiost?“
311 1809 414 1848 Rud.
443 1810 521 1846 502
548 1822 627 1858 sq.:
663 1808 792 1856 „Quid
822 1807 919 1844 mihi
950 1807 1116 1844 scelesto
1147 1806 1221 1842 tibi
1253 1809 1337 1842 erat
1370 1802 1633 1842 auscultatio?

126 1878 280 1925 Quidue
311 1877 403 1914 hinc
435 1877 576 1923 abitio,
611 1876 756 1926 quidue
787 1877 828 1913 in
860 1889 1002 1912 nauem
1032 1871 1278 1911 inscensio‘?“
1329 1872 1456 1910 Caeoil.
1488 1886 1525 1910 v,
1561 1872 1632 1908 62:

130 1946 259 1994 „Quid
288 1945 362 1982 tibi
393 1946 604 1995 aucupatio
637 1949 695 1982 est
721 1945 1013 1992 Argumentum
1046 1946 1111 1979 aut
1147 1942 1193 1979 de
1224 1954 1310 1978 meo
1343 1954 1474 1977 amore
1505 1940 1634 1976 uerbi-

125 2014 255 2051 ficatio
301 2017 363 2051 est
405 2010 562 2064 patri?“
627 2013 684 2051 Cf.
723 2014 841 2050 etiam
881 2013 989 2049 Asin.
1026 2011 1120 2048 305.
1169 2010 1257 2047 Ter.
1297 2008 1398 2046 Eun.
1441 2009 1534 2046 671.
1580 2028 1637 2033 —

129 2083 222 2120 516.
260 2077 365 2131 Quoi
403 2091 475 2131 690
515 2095 587 2119 em.
629 2081 688 2119 ed.
729 2095 790 2131 pr.
852 2081 950 2117 Tum
997 2092 1133 2116 versus
1180 2091 1298 2116 causa
1345 2077 1497 2126 antiqui
1544 2076 1633 2113 edd.

131 2150 259 2198 „Quoi
302 2149 372 2200 pol
418 2147 530 2198 ego“,
572 2149 835 2187 Lindemann.
881 2148 979 2195 „hoc
1017 2145 1135 2193 iam“,
1176 2146 1328 2184 Ritsch.
1367 2145 1485 2182 Praef.
1526 2144 1633 2181 Trin.

127 2232 165 2268 p.
196 2219 294 2256 172:
333 2215 495 2265 „hoce“,
528 2217 711 2267 Spengel,
743 2217 874 2254 Plaut.
898 2231 937 2266 p.
966 2217 1068 2253 226:
1105 2216 1205 2263 „iam
1238 2212 1358 2260 iam“,
1387 2227 1503 2263 quem
1526 2226 1635 2250 seeu-

126 2290 192 2324 tus
230 2300 329 2324 sum.
387 2285 571 2322 Ceterum
609 2287 807 2322 sententia
845 2286 1070 2334 interrupta
1109 2283 1271 2320 auditur
1314 2282 1494 2332 „plagam
1534 2281 1635 2318 infli-

127 2351 240 2405 gam“
282 2357 351 2391 aut
390 2353 516 2390 simile
556 2353 664 2403 quid.
698 2352 835 2390 Lamb.
869 2353 1039 2390 contulit
1071 2351 1336 2401 Vergilianum
1369 2349 1467 2386 illud
1503 2349 1635 2397 „Quos

129 2417 504 2471 eg0“.—]‡[uttit0
535 2419 669 2469 Ἠιοίῖο,
702 2435 792 2458 nam
823 2421 854 2457 si
885 2421 1123 2465 muniveris,
1156 2419 1353 2468 plecteris.
1376 2438 1425 2443 —
1449 2419 1540 2455 517.
1568 2428 1635 2455 es·

124 2487 288 2540 pediuit
325 2490 576 2526 intransitive
617 2490 789 2539 positum
819 2489 939 2526 torsit
970 2489 1222 2537 interpretes.
1286 2486 1502 2523 Lambinus
1534 2498 1632 2522 corr.

132 2555 393 2608 „expetiuit“,
427 2556 532 2607 quod
563 2557 670 2593 aliud
701 2560 779 2603 est,
816 2557 863 2594 cf.
898 2557 992 2594 491.
1054 2555 1189 2593 Dousa
1228 2558 1386 2591 enarrat
1422 2553 1634 2603 „expedita

129 2631 200 2672 est,
226 2627 250 2664 i.
270 2640 302 2663 e.
327 2629 489 2676 peracta
513 2623 613 2670 est“,
641 2625 747 2674 quod
772 2623 857 2661 fieri
882 2625 1030 2674 nequit.
1071 2623 1216 2660 Melius
1241 2622 1438 2659 Memsius
1470 2635 1635 2672 „parum

129 2694 238 2732 utilis
276 2694 371 2740 fuit,
412 2693 512 2730 male
544 2690 737 2742 profuit“,
770 2697 815 2730 ut
846 2692 934 2729 Ter.
967 2691 1110 2729 Heaut.
1146 2692 1245 2728 388:
1291 2690 1473 2740 „expedit
1510 2690 1635 2727 bonas

129 2775 214 2800 esse
251 2759 405 2807 nobis“‚
446 2774 684 2810 quamquam
723 2761 778 2798 sic
815 2761 949 2810 potius
991 2759 1138 2805 „nihil‘
1182 2763 1249 2796 aut
1293 2757 1483 2808 „parum“
1519 2772 1635 2808 quam

134 2826 367 2879 „nequiter“
416 2828 644 2878 ponendum
686 2833 783 2866 erat.
852 2828 911 2865 De
956 2827 1204 2877 expeditione
1250 2827 1414 2863 militari
1461 2828 1635 2876 cogitare

132 2898 267 2943 nolim,
301 2910 390 2934 nam
414 2896 505 2934 Tac.
530 2897 633 2934 Hist.
661 2898 689 2944 I,
716 2898 767 2935 88
802 2910 887 2934 011111
912 2896 1115 2944 Madvigio
1140 2895 1304 2932 Advers.
1330 2895 1378 2941 II,
1405 2908 1442 2943 p.
1472 2896 1548 2932 :359
1576 2907 1633 2942 sq.
