1926 3275
214 350 237 388 3
244 349 295 388 56
876 344 1058 379 Asinaria.

211 489 301 522 sec„
336 478 427 512 cett.
460 474 661 524 plerique3
692 471 745 523 ftt
774 473 868 511 olim
901 473 1160 511 emendatum.
1214 474 1272 511 Ne
1304 476 1392 524 quis
1425 475 1719 512 coniunctivum

211 544 399 593 requirat,
433 543 526 580 satis
557 542 741 591 frequens
773 544 833 579 est
863 541 969 591 apud
998 542 1184 579 Plautum
1216 542 1454 580 indicativus
1486 543 1527 579 in
1558 546 1716 580 senten-

212 612 278 648 tiis
318 611 491 648 orationi
529 610 699 659 obliquae
737 611 1005 660 interpositis,
1038 624 1074 647 v.
1106 610 1344 648 Autenrieth
1374 613 1416 648 in
1445 611 1587 648 Annal.
1620 610 1716 660 phil.

212 679 291 716 vol.
325 678 517 728 supplem.
550 677 603 715 VI
636 675 797 725 (1872),
829 692 867 728 p.
903 679 982 716 277
1016 692 1074 728 sq.
1123 678 1277 716 Pendet
1308 682 1438 716 autem
1470 679 1720 716 accusativus

214 761 300 784 eum
337 745 537 784 infinitivo
578 759 600 782 a
638 759 722 783 voe.
762 741 965 794 fortasse,
1006 760 1042 784 v.
1076 747 1125 783 ad
1155 746 1298 796 Amph.
1333 748 1426 784 615.
1458 767 1516 771 —-
1549 747 1613 784 38.
1647 756 1720 796 690

212 816 290 852 iam
335 815 375 851 in
413 814 497 851 cod.
536 814 567 851 B
608 813 871 852 emendatum.
910 834 968 838 ——
1003 814 1325 852 Abominandum
1370 815 1529 865 pistrini
1573 827 1718 852 nomen

214 883 350 920 audire
380 896 460 920 non
490 882 578 919 vult
608 895 735 932 neque
767 882 906 919 herum
938 882 1038 919 illud
1068 884 1109 919 in
1141 896 1183 920 os
1208 896 1361 920 sumere
1387 887 1456 920 aut
1479 883 1622 933 linguae
1646 884 1719 920 im-

213 964 361 1000 ponere
391 951 565 1001 patitur,
599 950 668 988 sed
707 951 838 988 statim
879 950 1072 1000 despuere
1110 950 1240 998 iubet,
1283 954 1339 998 et,
1379 951 1450 988 ubi
1488 951 1561 988 1100
1599 951 1720 988 semel

213 1019 327 1066 fecit,
360 1019 502 1056 iterum
535 1021 654 1068 atque
684 1019 829 1056 iterum
869 1032 957 1055 eum
996 1019 1190 1069 despuere
1221 1019 1333 1056 iubet
1370 1019 1641 1069 screandoque
1673 1033 1721 1056 ex

212 1087 363 1124 intimis
402 1087 582 1124 faucibus
621 1088 773 1124 eiicere.
835 1087 899 1123 Ad
944 1100 1026 1124 rem
1075 1087 1301 1124 conferatur
1340 1086 1474 1125 Senec.
1514 1086 1628 1125 Cons.
1671 1086 1721 1124 ad

212 1155 403 1192 Marciam
436 1156 479 1202 9,
514 1157 558 1192 4:
612 1155 730 1202 „Quis
761 1168 860 1202 non,
902 1157 935 1193 si
969 1155 1252 1202 admoneatur,
1292 1158 1337 1192 ut
1375 1155 1519 1205 cogitet
1561 1153 1630 1203 (sc.
1672 1156 1720 1193 de

215 1223 354 1270 exilio,
403 1226 596 1272 egestate,
643 1219 790 1269 luctu),
837 1226 1036 1273 tamquam
1080 1223 1210 1261 dirum
1251 1237 1366 1261 omen
1403 1227 1565 1273 respuat
1603 1227 1642 1260 et
1679 1225 1721 1261 in

215 1292 346 1341 capita
376 1291 625 1328 inimicorum
651 1320 657 1327 .
679 1320 686 1328 .
707 1320 714 1328 .
741 1291 849 1328 abire
880 1291 950 1328 illa
979 1289 1166 1328 iubeat?“
1202 1311 1258 1330 —.—
1291 1293 1356 1329 39.
1388 1291 1434 1328 In
1459 1291 1545 1329 cod.
1570 1291 1601 1328 B
1633 1292 1722 1330 voci

216 1369 319 1408 quae
348 1359 547 1409 posterior
577 1372 716 1396 manus
747 1360 1049 1409 suprascripsit:
1083 1360 1175 1406 „alii
1200 1357 1315 1409 qui“;
1342 1372 1428 1409 quae
1454 1359 1647 1397 correctio
1672 1373 1721 1396 ne

216 1441 332 1476 quem
364 1431 531 1474 moveat,
565 1427 702 1464 eadem
732 1441 870 1464 manus
901 1441 937 1465 v.
966 1429 1014 1465 33
1048 1441 1121 1478 pro
1157 1427 1361 1474 „homines
1392 1425 1585 1476 11000011]ιι
1614 1427 1721 1465 vide-

214 1498 281 1532 tur
330 1495 448 1542 „boni
494 1493 668 1544 aequam“
718 1495 903 1532 voluisse.
944 1515 1001 1519 —
1040 1496 1105 1532 41.
1140 1495 1213 1533 Η10
1249 1509 1386 1533 versus
1427 1495 1475 1532 ab
1515 1495 1722 1545 archetypi

215 1562 378 1600 librario
418 1564 570 1600 incuria
608 1564 794 1610 omissus,
843 1577 963 1613 quum
1008 1567 1149 1613 postea
1193 1564 1235 1600 in
1279 1564 1455 1612 margine
1497 1563 1721 1613 adscriptus

216 1634 330 1677 esset,
364 1644 486 1680 pravo
517 1631 600 1668 1000
632 1632 674 1668 111
706 1634 933 1669 contextum
964 1633 1138 1669 insertus
1172 1634 1249 1678 est,
1282 1634 1375 1681 post
1405 1646 1442 1669 v.
1478 1632 1542 1668 54.
1603 1631 1722 1668 Intel-

216 1699 398 1736 lexerunt
436 1700 514 1736 iam
553 1700 709 1749 antiqui
740 1699 923 1737 editores.
955 1720 1012 1724 —-
1041 1700 1134 1737 Voc.
1157 1697 1332 1748 penitus
1363 1699 1526 1737 Plautus
1557 1699 1722 1736 licenter

214 1780 288 1815 pro
321 1767 513 1804 adiectivo
546 1767 700 1814 habuit,
734 1781 805 1804 nee
837 1771 927 1804 ante
958 1768 1172 1817 Apuleium
1203 1781 1290 1805 eum
1321 1768 1529 1817 quisquam
1565 1770 1723 1804 secutus

217 1838 286 1871 est.
327 1855 381 1858 —
420 1836 486 1872 42.
520 1831 634 1873 Nam
672 1836 997 1885 interrogativum
1038 1839 1115 1883 est,
1155 1836 1236 1873 vid.
1278 1835 1327 1873 ad
1357 1835 1499 1884 Amph.
1535 1836 1628 1873 548.
1667 1854 1724 1860 —

218 1904 284 1940 43.
326 1898 500 1951 Uxoris,
533 1916 584 1940 sc.
616 1906 795 1940 mortem.
829 1923 884 1927 —
916 1904 982 1940 44.
1017 1914 1164 1952 expers
1200 1903 1328 1951 meta,
1369 1904 1415 1940 cf.
1447 1903 1591 1953 Amph.
1627 1903 1721 1940 706.

216 1991 272 1996 -—
303 1972 369 2007 45.
403 1967 465 2008 Da*
498 1967 573 2008 tihi
606 1968 643 2007 d.
678 1982 714 2019 (J.
749 1971 875 2019 optes,
909 1971 956 2007 cf.
983 1971 1123 2008 Horat.
1150 1971 1231 2008 Sat.
1257 1972 1307 2018 II,
1343 1973 1378 2018 8,
1413 1973 1484 2008 75:
1522 1970 1637 2018 „Tibi
1660 1970 1722 2016 Di,

218 2052 488 2088 quaecumque
524 2039 707 2087 preceris,
741 2038 955 2076 Commoda
986 2038 1122 2076 dent“.
1151 2060 1206 2064 --
1233 2035 1379 2077 Redde
1411 2049 1576 2087 operam
1606 2035 1722 2086 milti,

217 2108 241 2143 i.
276 2120 307 2143 e.
342 2106 435 2143 audi
466 2120 569 2143 nunc
599 2120 661 2143 me
692 2107 887 2152 vicissim,
928 2120 1017 2143 uam
1055 2120 1215 2156 operam
1257 2107 1353 2144 dare
1395 2111 1455 2144 est
1486 2107 1722 2154 auscultare,

218 2188 253 2211 v.
292 2175 353 2211 14.
386 2195 441 2199 —
474 2175 539 2210 46.
573 2171 666 2221 7206,
701 2174 808 2224 quod
840 2188 994 2224 semper
1025 2175 1065 2211 in
1097 2176 1227 2212 animo
1260 2174 1390 2222 habet,
1421 2174 1545 2212 filium
1576 2188 1721 2212 amare.

217 2262 273 2267 —
302 2239 499 2280 scientem
529 2238 692 2289 feceris,
727 2242 773 2279 ef.
808 2242 965 2279 Terent.
1000 2242 1143 2279 Heaut.
1179 2244 1272 2290 873,
1307 2243 1356 2279 al.
1389 2262 1447 2267 —-
1480 2244 1544 2280 50.
1577 2238 1723 2280 Demi-

217 2320 289 2347 7·ον
320 2313 390 2347 ete.
452 2310 598 2347 Versus
639 2311 703 2348 1110
742 2312 782 2347 111
822 2310 934 2347 codd.
976 2311 1164 2348 inseritur
1194 2314 1286 2360 post
1317 2324 1352 2348 V.
1388 2312 1459 2357 823
1492 2310 1560 2360 qui
1591 2313 1723 2347 autem

218 2391 374 2414 versum
407 2378 558 2415 incuria
589 2380 772 2416 omissum
806 2380 845 2416 in
877 2379 1053 2428 margine
1086 2379 1299 2428 supplevit,
1333 2392 1381 2415 ne
1413 2378 1460 2415 de
1491 2378 1578 2416 1000
1612 2377 1725 2415 dubi-

218 2449 384 2493 taretur,
418 2447 537 2482 etiam
569 2450 796 2495 sequentem
832 2444 919 2494 (51)
955 2446 1178 2496 adscripsit.

337 2515 401 2550 51.
434 2510 645 2563 Equidem
675 2512 758 2552 50ἱο
792 2512 892 2563 icem,
925 2528 973 2551 ne
1004 2528 1063 2551 me
1096 2514 1222 2551 celare
1254 2513 1426 2550 studeas.
1494 2510 1614 2563 Quod
1649 2527 1723 2563 pro

221 2582 445 2619 accusativo
478 2595 562 2619 cum
596 2580 791 2619 infinitivo
824 2596 943 2632 quum
976 2582 1081 2632 apud
1112 2582 1314 2619 inferioris
1341 2582 1469 2618 aetatis
1496 2582 1721 2631 scriptores,

221 2652 264 2685 ut
294 2649 502 2696 Iustinum,
535 2651 908 2688 iurisconsultorum
939 2651 1140 2700 principes
1177 2650 1373 2699 aliosque,
1407 2648 1616 2686 admodum
1646 2648 1722 2685 fre-

222 2730 344 2765 quens
377 2717 444 2763 sit,
484 2720 567 2754 tum
605 2717 666 2754 hic
706 2718 787 2755 illic
826 2718 944 2754 etiam
985 2717 1091 2767 apud
1128 2718 1372 2767 antiquiores
1403 2717 1622 2763 invenitur,
1656 2717 1723 2766 qui

222 2783 381 2833 quidem
421 2798 442 2820 a
481 2785 633 2833 vulgari
671 2785 873 2822 hominum
913 2798 1089 2822 sermone
1129 2798 1205 2822 non
1247 2785 1504 2831 abhorreant,
1544 2787 1588 2821 ut
1627 2783 1724 2821 Cato

222 2865 283 2900 ap.
316 2851 418 2888 Plin.
451 2851 499 2888 H.
532 2852 579 2888 N.
613 2852 765 2899 XXIX,
802 2854 841 2899 1,
876 2854 919 2899 7,
957 2853 1026 2888 14:
1080 2853 1239 2899 „Dicam
1279 2853 1327 2889 de
1358 2853 1444 2889 istis
1476 2851 1622 2889 Graeeis
1653 2864 1724 2889 suo

222 2919 309 2957 loco
336 2919 431 2968 quid
450 2919 617 2956 Athenis
643 2920 884 2970 exquisitum
908 2919 1084 2966 habeam,
1113 2924 1151 2957 et
1175 2920 1283 2969 quod
1305 2920 1452 2957 bonum
1485 2922 1535 2957 sit
1567 2919 1725 2956 illorum
