1926 3275
801 247 1081 291 Prolegomena.
1616 252 1693 290 167

193 380 362 417 maxime
414 378 660 428 refragantes
710 378 760 415 ad
805 391 891 415 eam
936 378 1089 426 exigere
1135 380 1299 414 conatus
1347 380 1424 422 est,
1473 390 1570 426 opus
1616 391 1695 414 non

193 447 372 494 arduum,
405 447 474 484 sed
504 460 650 484 vanum
681 450 719 484 et
747 447 887 483 inutile
914 459 1132 495 aggressus.
1178 445 1284 481 Illud
1308 458 1464 494 quoque
1497 445 1696 482 affirmare

195 517 337 563 ausim,
372 529 455 562 eos,
490 517 558 566 qui
588 516 707 565 primi
737 515 861 564 legem
898 515 945 552 de
984 515 1158 563 quinque
1200 513 1352 550 actibus
1391 516 1694 562 proposuerunt,

194 585 242 622 de
272 584 467 634 tragoedia
490 588 646 621 tantum
673 585 886 633 cogitasse3
912 597 1004 621 nam
1027 583 1081 619 ibi
1105 582 1262 619 demum
1288 582 1428 619 chorus
1453 582 1695 628 remanebat,

193 655 234 690 in
261 652 451 690 comoedia
475 653 629 702 pridem
656 652 827 689 abolitus
860 656 956 698 erat,
990 665 1061 689 nec
1091 651 1173 688 ulla
1205 664 1322 688 causa
1354 654 1451 696 erat,
1485 664 1554 686 cur
1586 655 1696 686 actus

195 725 488 771 separarentur,
521 722 598 758 nisi
629 721 730 757 forte
761 734 840 758 uno
877 724 944 757 aut
976 720 1102 757 altero
1133 720 1217 756 loco
1244 720 1468 766 argumenti
1491 720 1593 756 ratio
1617 719 1697 755 tale

195 790 291 839 quid
322 789 528 827 suadebat.
585 789 831 826 Posteriores
861 801 955 825 vero
986 792 1069 825 tam
1101 787 1308 825 comoedias
1341 801 1457 836 quam
1488 787 1697 836 tragoedias

194 860 234 895 in
273 860 447 908 quinque
486 860 595 894 actus
632 857 930 903 describebant,
964 857 1074 894 velut
1104 856 1158 893 M.
1191 857 1417 892 Antoninus
1448 857 1489 892 in
1521 859 1696 892 extremo

194 928 287 965 libri
317 927 366 969 εἰς
397 928 523 963 ἑαυτὸν
555 927 685 976 capite
722 925 851 972 „Quid
882 924 1082 974 quereris⁴‘
1120 926 1249 974 inquit
1287 926 1343 970 „si
1381 928 1420 960 te
1460 937 1591 960 rerum
1629 937 1698 960 na-

194 999 286 1032 tura
325 1009 371 1032 ex
409 995 481 1032 hac
519 996 600 1032 Vita
639 994 808 1030 dimittit
847 990 921 1030 οἷον
959 993 991 1029 εἶ
1028 994 1199 1042 κωμῳδὸν
1239 993 1387 1029 ἀπολύει
1424 993 1483 1037 τῆς
1523 994 1649 1037 σκηνῆς
1682 991 1700 1027 ὁ

196 1064 420 1113 παραλαβὼν
452 1062 677 1113 στρατηγός-ἶ)
709 1066 793 1099 tum
818 1061 1122 1111 respondentem
1153 1062 1247 1098 facit
1276 1060 1511 1098 comcedum:
1544 1059 1700 1096 ,Ἀλλόὐκ

195 1130 297 1169 εἷπον
327 1134 371 1169 τὰ
403 1134 505 1168 πέντε
533 1133 634 1180 μέρη,
666 1131 755 1168 ἀλκὰ
785 1132 828 1167 τὰ
855 1133 945 1179 τρία.

308 1201 439 1238 Nolim
481 1200 662 1249 equidem
700 1199 901 1236 Euanthio
943 1199 1122 1245 credere,
1166 1198 1269 1235 malo
1311 1197 1465 1234 auctori
1507 1195 1581 1243 (De
1620 1200 1700 1233 tra-

196 1270 323 1318 goedia
367 1274 407 1306 et
453 1268 641 1306 comoedia
679 1282 718 1318 p.
750 1267 843 1304 XIV
883 1265 1016 1313 Klotz)
1064 1267 1347 1312 Menandrum,
1396 1279 1516 1314 quum
1562 1265 1701 1302 choros

195 1339 544 1388 praetermitteret,
577 1337 707 1374 locum
737 1340 869 1373 tamen
901 1337 950 1372 iis
990 1336 1217 1384 reliquisse,
1259 1334 1505 1383 Latinosque
1546 1334 1701 1370 demum

198 1407 368 1444 comicos
413 1420 462 1443 ne
508 1406 581 1442 hoc
622 1405 781 1454 quidem
820 1405 971 1441 fecisse.
1032 1404 1096 1440 An
1135 1404 1323 1441 credibile
1364 1406 1441 1449 est,
1482 1403 1516 1439 si
1555 1416 1601 1439 ea
1638 1402 1702 1438 lex

197 1475 423 1512 Graecorum
454 1475 605 1521 fuisset,
639 1474 721 1510 eius
752 1473 905 1510 nullum
937 1476 1069 1509 extare
1099 1473 1330 1519 vestigium,
1362 1485 1442 1508 non
1474 1470 1561 1508 dico
1595 1470 1702 1520 apud

198 1544 395 1589 Plautum,
429 1543 498 1579 sed
527 1556 574 1579 ne
602 1542 709 1592 apud
732 1542 960 1578 Terentium
986 1540 1170 1590 quidem?
1203 1541 1325 1576 Immo
1349 1539 1486 1576 mirari
1508 1539 1600 1576 licet
1622 1540 1701 1575 iam

198 1612 416 1649 Varronem
455 1611 514 1647 illi
552 1611 632 1657 legi
668 1613 750 1647 tam
793 1609 995 1647 addictum
1026 1610 1164 1655 fuisse,
1198 1612 1243 1645 ut
1275 1609 1390 1644 etiam
1420 1608 1462 1644 in
1492 1607 1632 1644 Plauto
1663 1611 1703 1644 et

196 1681 383 1717 Terentio
423 1682 532 1716 actus
572 1679 768 1728 explicare
802 1682 1024 1715 conaretur.
1088 1678 1173 1723 Quo
1213 1679 1254 1713 in
1293 1680 1438 1713 conatu
1477 1690 1555 1713 non
1593 1676 1703 1713 nulla

197 1750 292 1786 satis
332 1748 548 1797 prudenter
594 1747 898 1792 animadvertit,
938 1746 1046 1783 velut
1086 1745 1191 1794 quod
1230 1745 1365 1782 docuit
1394 1764 1452 1769 --
1480 1748 1525 1781 ut
1556 1744 1703 1781 Donati

196 1817 328 1854 verbis
359 1820 449 1853 utar
480 1818 521 1853 in
554 1818 788 1863 argumento
808 1814 972 1863 Hecyrae
1005 1817 1103 1850 extr.
1135 1834 1182 1837 —
1217 1827 1321 1859 „non
1353 1826 1436 1850 esse
1466 1812 1700 1858 mirandum,

198 1885 304 1935 quod
335 1888 444 1921 actus
475 1885 647 1934 impares
679 1896 885 1920 scenarum
915 1884 1231 1932 paginarumque
1263 1882 1341 1918 sint
1375 1895 1552 1927 numero,
1583 1894 1702 1930 quum

197 1955 280 1991 haec
311 1953 541 1990 distributio
573 1952 614 1988 in
644 1964 776 1988 rerum
809 1943 1096 2001 descriptione,
1130 1963 1209 1987 non
1239 1950 1280 1986 in
1311 1963 1473 1986 numero
1504 1963 1701 1995 versuum,

200 2023 415 2060 constituta
443 2018 542 2068 sit“;
573 2020 742 2069 ideoque
779 2021 844 2066 „in
875 2019 1041 2056 eundem
1073 2022 1201 2055 actum
1232 2031 1347 2068 posse
1381 2018 1520 2055 00111101
1552 2021 1591 2054 et
1621 2021 1702 2053 tres

200 2094 238 2126 et
291 2092 486 2138 quattuor
537 2102 674 2126 scenas
726 2088 1014 2125 introeuntium
1061 2091 1099 2124 et
1145 2088 1370 2124 exeuntium
1416 2084 1698 2136 personarum‘*

203 2156 387 2208 (Adelph.
420 2170 501 2206 arg.
535 2155 668 2205 extr.).
729 2157 950 2194 Varronem
988 2155 1165 2193 Donatus
1210 2158 1368 2192 secutus
1417 2168 1500 2192 esse
1545 2154 1704 2191 videtur

199 2227 239 2264 in
270 2225 540 2263 describendis
571 2225 794 2262 fabularum
826 2224 998 2271 actibus,
1032 2224 1139 2273 quod
1171 2237 1291 2272 quum
1325 2225 1366 2260 in
1397 2224 1537 2260 ceteris
1577 2223 1704 2259 minus

201 2295 361 2331 difficile
385 2295 512 2331 visum
536 2294 652 2340 esset,
678 2294 718 2330 in
735 2293 927 2330 Eunucho
952 2293 1076 2329 maius
1100 2293 1304 2340 negotium
1329 2292 1487 2328 creavit.
1528 2290 1698 2336 „Aetus“

201 2363 329 2412 inquit
366 2362 548 2400 Donatus
592 2361 901 2411 „implicatiores
940 2364 1031 2398 sunt
1069 2361 1109 2397 in
1149 2374 1193 2397 ea
1233 2363 1272 2396 et
1311 2360 1377 2409 qui
1416 2372 1494 2396 non
1532 2359 1644 2396 facile
1683 2373 1705 2395 a

201 2444 340 2481 parum
387 2430 512 2467 doctis
559 2429 751 2478 distingui
795 2430 970 2479 possint,
1010 2429 1098 2465 ideo
1138 2429 1229 2477 quia
1266 2427 1430 2465 tenendi
1468 2428 1703 2477 spectatoris

203 2513 321 2537 causa
349 2499 436 2536 vult
466 2501 586 2547 poeta
624 2500 756 2533 noster
794 2511 927 2534 omnes
964 2498 1137 2546 quinque
1169 2501 1280 2534 actus
1312 2496 1421 2533 velut
1453 2509 1572 2532 unuln
1605 2494 1702 2541 fieri,

203 2582 250 2605 ne
287 2568 456 2616 respiret
496 2565 670 2615 quodam
701 2565 817 2602 modo
856 2570 974 2615 atque
1014 2566 1200 2602 distincta
1231 2565 1374 2602 alicubi
1407 2564 1703 2601 continuatione

204 2636 495 2674 succedentium
540 2647 670 2671 rerum
718 2638 808 2670 ante
855 2634 977 2671 aulaea
1023 2634 1181 2671 sublata
1226 2633 1458 2670 fastidiosus
1505 2635 1704 2682 spectator

205 2703 432 2754 exsurgat“.
493 2703 596 2740 Num
636 2703 776 2740 clarius
817 2702 893 2740 dici
931 2705 1082 2752 potest,
1116 2702 1291 2739 fabulam
1322 2703 1361 2738 in
1395 2704 1505 2738 actus
1538 2699 1702 2737 divisam

204 2786 283 2810 non
314 2771 460 2809 fuisse?
511 2771 647 2821 Neque
679 2772 816 2809 ceteris
851 2772 1086 2808 examinatis
1118 2771 1251 2807 Plauti
1283 2774 1322 2807 et
1353 2770 1527 2806 Terentii
1560 2768 1703 2804 fabulis

206 2841 312 2878 aliud
343 2841 578 2878 invenietur.
626 2839 728 2877 Nam
759 2841 791 2877 si
822 2844 980 2877 actuum
1010 2840 1166 2876 termini
1199 2839 1253 2875 ibi
1285 2838 1441 2875 demum
1468 2838 1589 2886 quaeri
1614 2849 1702 2884 pos-
