1926 3275
268 304 288 341 1
296 303 348 343 86
876 297 1156 342 Prolegomena.

266 443 352 467 rum
396 428 656 466 iambicorum
701 440 886 465 versuum
931 426 995 464 vel
1039 426 1144 475 leges
1189 425 1253 463 vel
1295 425 1499 463 licentiam
1538 430 1767 476 sequantur,

266 500 429 535 octavus
469 509 538 546 pes
576 496 659 533 fere
696 495 853 544 integer
890 496 1040 541 manet,
1080 494 1121 530 in
1159 496 1302 543 quarto
1340 494 1426 531 loco
1466 507 1547 532 non
1577 507 1667 532 raro
1697 496 1769 532 tri-

267 564 408 614 syllabi
444 563 566 614 pedes
603 563 873 599 inveniuntur.
933 561 1074 612 Itaque
1120 560 1258 599 eodem
1301 561 1384 599 fere
1429 563 1514 600 iure
1554 575 1693 601 versus
1732 566 1771 601 et

265 635 478 682 systemata
508 630 701 680 appellari
731 632 912 680 possunt.

380 699 563 737 Iambicis
610 698 817 735 octonariis
863 700 970 735 totas
1017 710 1152 735 scenas
1196 698 1441 748 perscriptas
1486 697 1685 746 videmus,
1727 702 1773 736 ut

265 768 409 818 Amph.
451 767 667 812 977—98,
714 766 824 804 Asin.
867 765 1084 813 823—41,
1131 765 1272 802 Bacch.
1315 766 1524 803 918—71.
1598 766 1660 803 Ibi
1704 770 1773 805 aut

269 836 449 873 diaeresin
488 834 665 871 invenias
702 837 793 883 post
832 837 1017 883 quartum
1054 833 1197 884 pedem
1237 847 1324 871 cum
1354 834 1486 871 hiatus
1518 836 1557 871 et
1587 835 1772 884 ancipitis

269 904 431 953 syllabae
470 902 629 939 licentia
676 903 924 939 coniunctam
973 905 1042 939 aut
1088 914 1275 939 caesuram
1312 902 1352 938 in
1393 902 1530 950 quinto
1567 902 1687 951 pede,
1726 907 1772 940 ut

267 975 451 1009 neutrum
482 969 628 1019 regulae
659 969 861 1006 adversari
893 973 1095 1020 appareat.
1158 969 1235 1007 Sed
1265 969 1478 1017 interdum,
1510 969 1578 1006 ubi
1607 970 1772 1008 festina-

265 1040 386 1077 tionis
424 1039 483 1075 vis
520 1037 682 1088 paulum
720 1038 889 1085 remisit,
936 1039 976 1075 in
1021 1038 1100 1075 alia
1142 1041 1352 1075 transeunt
1396 1050 1581 1075 versuum
1627 1050 1773 1086 genera

269 1107 467 1145 sedatiore
512 1105 639 1153 gradu
684 1105 924 1153 incedentia,
967 1106 1134 1143 maxime
1171 1106 1212 1142 in
1249 1105 1473 1144 trochaicos
1512 1107 1770 1156 septenarios,

267 1180 313 1213 ut
350 1175 493 1224 Amph.
531 1175 658 1220 1097,
707 1173 817 1224 Capt.
853 1175 952 1221 535,
1000 1176 1069 1210 aut
1113 1174 1154 1210 in
1200 1174 1366 1211 creticos
1410 1176 1681 1222 tetrametros,
1727 1178 1773 1212 ut

267 1243 410 1293 Amph.
439 1243 532 1280 215.
580 1241 801 1279 Octonariis
832 1241 1031 1278 interdum
1063 1242 1373 1290 interponuntur
1402 1241 1606 1280 breviores
1636 1256 1774 1281 versus

268 1311 436 1357 iambici,
471 1311 538 1359 qui
569 1311 601 1346 si
631 1310 779 1357 integri
810 1313 911 1357 sunt,
944 1310 1054 1347 velut
1078 1309 1235 1346 dimetri
1259 1309 1467 1346 acatalecti
1491 1307 1770 1359 (quaternarii)

269 1383 338 1417 aut
366 1379 604 1416 monometri
643 1381 710 1414 aut
746 1378 935 1424 trimetri,
975 1390 1055 1414 non
1090 1377 1334 1427 impediunt,
1367 1390 1444 1426 quo
1476 1379 1604 1416 minus
1636 1379 1774 1417 eodem

268 1452 405 1485 tenore
437 1447 690 1483 continuetur
716 1449 886 1494 systema
909 1445 1139 1492 iambicum3
1171 1446 1204 1482 si
1229 1445 1425 1482 catalexin
1447 1445 1606 1494 habent,
1632 1448 1774 1485 seriem

270 1516 527 1564 abrumpunt3
561 1513 629 1550 secl
652 1514 749 1550 nihil
774 1514 916 1560 obstat,
950 1526 1028 1562 quo
1059 1514 1188 1550 minus
1214 1516 1306 1562 post
1327 1527 1491 1562 pausam
1517 1514 1646 1553 denuo
1671 1529 1775 1553 nova

269 1583 433 1632 incipiat
464 1582 638 1619 eiusdem
668 1583 822 1631 generis
854 1582 988 1619 series.
1049 1580 1131 1618 Nec
1162 1594 1277 1618 scena
1307 1595 1461 1631 semper
1491 1582 1540 1619 ab
1571 1584 1774 1621 octonario

267 1652 428 1701 incipit,
469 1650 667 1686 interdum
705 1650 967 1698 praemittitur
1003 1649 1227 1687 trochaicus
1266 1650 1533 1700 septenarius,
1576 1651 1644 1700 qui
1681 1652 1776 1700 quia

271 1719 521 1756 catalecticus
554 1721 631 1764 est,
671 1731 750 1754 uno
787 1721 924 1754 tenore
963 1731 1049 1754 cum
1087 1718 1269 1767 proximo
1311 1717 1478 1755 iambico
1510 1719 1773 1769 coniungitur,

268 1791 313 1824 ut
345 1787 454 1836 capt.
489 1786 583 1824 224.
617 1786 711 1822 762.
775 1785 887 1832 Quod
926 1788 1058 1822 autem
1095 1785 1177 1822 haec
1217 1788 1432 1834 systemata
1470 1786 1636 1834 integris
1668 1790 1774 1823 octo-

270 1856 390 1892 nariis
422 1854 589 1891 describi
621 1853 811 1900 diximus,
844 1854 926 1890 haec
958 1866 1114 1902 quoque
1146 1853 1283 1902 regula
1325 1854 1578 1903 exceptiones
1607 1854 1775 1904 patitur.

270 1923 370 1959 Nam
416 1921 615 1959 interdum
660 1921 710 1958 ad
747 1921 958 1958 iambicum
997 1922 1241 1957 octonarium
1280 1921 1431 1970 syllaba
1469 1921 1648 1969 additur,
1687 1935 1775 1960 ver-

271 2003 435 2039 sumque
457 1989 755 2038 hypermetrum
778 1990 1004 2026 trochaicus
1030 1989 1276 2037 septenarius
1300 1989 1492 2037 sequitur,
1518 2003 1597 2038 qua
1620 1990 1776 2027 ratione

271 2058 349 2094 cluo
382 2054 605 2094 efficiuntur
637 2058 829 2093 octonarii
854 2057 1011 2094 iambici
1036 2057 1245 2103 coniuncti,
1279 2056 1388 2093 velut
1409 2057 1554 2107 Amph.
1585 2058 1690 2095 1083
1716 2071 1774 2107 sq.

277 2125 354 2172 „Ut
391 2126 511 2171 iacui,
544 2137 734 2174 exsurg03
768 2124 906 2161 ardere
938 2125 1074 2162 censui
1105 2123 1233 2170 aedis3
1272 2124 1329 2161 ita
1359 2127 1444 2161 tum
1483 2125 1774 2175 confulgebant.

271 2193 343 2230 'Ibi
381 2206 444 2230 me
481 2192 669 2229 inclamat
698 2191 939 2230 'Alcumena.
1001 2193 1069 2229 Ita·
1109 2192 1155 2229 ea
1193 2205 1257 2229 res
1295 2205 1356 2229 me
1393 2192 1561 2230 horrore
1600 2191 1772 2231 adficitf‘

272 2260 411 2297 Bacch.
447 2260 526 2297 964
559 2273 616 2309 sq.
669 2259 805 2306 „Nunc
837 2261 971 2297 alteris
1003 2261 1123 2297 etiam
1156 2259 1337 2296 ducentis
1367 2261 1463 2297 usus
1495 2263 1564 2307 est,
1599 2261 1666 2310 qui
1698 2261 1776 2298 dis-

271 2331 506 2378 pensentur,
538 2328 623 2364 'Ilio
655 2331 792 2376 capto,
824 2329 870 2365 ut
899 2328 951 2365 sit
980 2328 1169 2375 mulsum,
1204 2328 1272 2376 qui
1302 2328 1551 2377 triumphent
1588 2326 1774 2366 milites“.

271 2396 411 2445 Itaque
441 2409 512 2432 nec
543 2395 615 2433 hac
645 2397 821 2443 ratione,
853 2409 925 2433 nec
956 2396 1112 2432 omnino
1144 2396 1177 2432 si
1207 2409 1309 2432 unus
1344 2396 1612 2446 interponitur
1648 2400 1777 2446 septe-

272 2465 405 2501 narius
436 2463 681 2510 trochaicus,
716 2465 941 2512 systematis
972 2467 1115 2501 natura
1144 2463 1326 2510 vitiatur,
1360 2463 1428 2501 sed
1460 2464 1579 2501 series
1609 2463 1778 2501 iambica

274 2532 385 2580 quasi
423 2534 562 2580 sponte
599 2535 824 2569 renovatur.
885 2531 1030 2568 Verum
1071 2532 1104 2569 si
1145 2531 1222 2568 duo
1268 2533 1337 2568 aut
1380 2531 1515 2581 plures
1560 2531 1777 2581 septenarii

274 2599 511 2645 inseruntur,
545 2612 614 2636 cur
642 2600 707 2636 via
736 2599 806 2636 illa
837 2599 957 2637 semel
987 2600 1127 2636 relicta
1159 2599 1287 2637 denuo
1318 2599 1543 2646 insistatur,
1577 2598 1775 2636 difficilius

274 2666 523 2713 intelligitur.
583 2666 722 2716 Neque
761 2667 924 2704 Plautus
963 2667 1043 2704 tale
1083 2666 1179 2716 quid
1217 2667 1347 2704 facere
1388 2664 1556 2714 solet*);
1601 2666 1777 2704 Terentii

275 2747 415 2782 magna
438 2734 479 2770 in
504 2733 577 2771 hac
601 2748 643 2771 re
666 2735 826 2772 licentia
850 2738 920 2772 est.
960 2734 1001 2772 Si
1015 2734 1147 2772 Mario
1164 2734 1369 2772 Victorino
1393 2733 1530 2772 credas
1556 2732 1612 2784 (p.
1631 2731 1775 2781 2500),

309 2875 341 2918 *)
367 2874 501 2919 Amph.
531 2876 707 2910 1080-81
734 2875 877 2910 ratione
902 2887 978 2911 non
1003 2878 1113 2910 caret.
