1926 3275
213 267 221 274 ⁸
271 272 353 311 364
931 264 1113 299 Asinaria.

270 401 370 444 rent,
397 411 433 435 v.
454 397 556 435 Rud.
577 397 676 433 579:
715 394 800 442 „An
831 397 870 430 te
900 394 1087 444 paenitet,
1120 393 1161 430 in
1191 393 1291 429 mari
1323 392 1429 441 quod
1460 392 1574 440 elaui,
1606 393 1684 430 nisi
1713 392 1780 430 hio

269 467 311 503 in
334 470 443 503 terra
466 466 608 502 iterum
633 461 802 509 eluam“,
827 461 922 499 ibid.
950 463 1028 499 537
1056 464 1096 498 et
1123 461 1244 499 1307.
1294 461 1393 498 699:
1424 459 1616 507 „Elautae
1641 460 1778 498 ambae

271 547 403 572 sumus
435 547 554 583 opera
575 532 752 582 Neptuni
783 528 942 568 noctu“.
988 530 1036 567 H.
1065 529 1091 566 1.
1125 528 1322 566 ablativus
1353 529 1512 578 inopiae,
1547 524 1677 575 bonis,
1711 528 1779 565 ad-

272 603 388 649 ditur,
418 601 530 651 quasi
555 600 669 637 bonis
693 599 888 649 spoliatus
913 611 1019 644 sum;
1051 597 1143 634 inde
1168 597 1218 634 ad
1241 597 1352 647 prius
1375 595 1593 633 membrum
1617 596 1779 633 audien-

271 670 364 707 dum
394 666 560 716 „bona“,
589 668 635 705 cf.
654 667 760 704 infra
779 667 874 705 246.
891 686 948 691 —-
967 667 1059 704 135.
1084 660 1273 715 Inyrata,
1298 665 1492 702 molossus
1518 677 1592 714 pro
1618 665 1778 711 cretico,

271 742 316 776 ut
344 739 386 774 in
416 736 595 786 proximo
626 749 662 773 v.
700 735 818 782 „feci;
851 738 891 772 at
919 732 1052 784 post“.
1098 733 1158 770 De
1189 732 1476 782 significatione
1507 733 1615 770 vocis
1647 732 1694 770 cf.
1728 731 1780 769 ad

271 805 413 854 Amph.
448 805 513 842 48.
552 824 609 828 —
650 804 741 840 136.
781 813 828 841 ac
866 802 950 840 cod.
983 802 1036 849 B;
1077 803 1196 839 ceteri
1235 803 1343 838 recte
1386 798 1494 847 „at“.
1564 800 1605 838 C.
1637 801 1682 838 F.
1713 800 1778 839 W.

271 874 418 911 Muller
454 885 589 910 versus
625 872 838 918 131—36,
879 872 921 907 in
959 870 1102 920 quibus
1139 873 1221 907 tam
1259 868 1398 906 crebro
1440 871 1578 906 contra
1612 872 1779 906 metrum

273 944 478 991 peccatur,
512 940 669 989 spurios
703 952 786 976 esse
819 938 1022 985 censebat,
1054 940 1122 975 vix
1153 939 1252 975 iure.
1282 956 1341 962 —-
1374 938 1465 974 138.
1499 934 1555 974 ad
1584 934 1781 986 eyestatis

276 1006 493 1056 terminos,
534 1007 583 1045 ad
623 1011 837 1044 extremam
879 1010 1107 1057 egestatem.
1139 1025 1196 1031 —
1230 1007 1321 1044 140.
1353 1003 1498 1052 istam,
1530 1004 1780 1043 Philaenium.

274 1098 328 1103 ——
360 1077 400 1114 Si
431 1089 568 1113 versus
606 1079 713 1112 recte
752 1076 925 1125 scriptus
964 1078 1042 1122 est,
1082 1077 1175 1124 post
1211 1084 1347 1112 meum
1376 1074 1524 1110 hiatur.
1584 1072 1781 1110 Fleckeis.

274 1145 482 1195 transponi
513 1143 688 1180 volebat:
727 1143 845 1191 „Quae
877 1144 1110 1193 priusquam
1142 1155 1213 1191 ego
1247 1142 1329 1178 adii
1361 1142 1478 1178 istam
1505 1143 1623 1191 atque
1648 1154 1782 1178 amans

274 1227 404 1251 meum
443 1213 615 1249 animum
654 1212 720 1248 isti
760 1209 892 1258 dedi‘4,
932 1211 1097 1248 Muller:
1143 1210 1261 1257 „Quae
1298 1210 1529 1259 priusquam
1567 1209 1617 1247 ad
1654 1210 1783 1247 istanc

276 1281 356 1319 adii
396 1293 529 1317 amans
568 1292 641 1328 ego
683 1283 803 1328 atque
839 1293 967 1316 meum
998 1280 1067 1316 isti
1098 1279 1270 1315 animum
1303 1276 1435 1315 dedi“.
1466 1298 1523 1302 —
1558 1279 1649 1315 141.
1684 1273 1783 1315 Sor-

278 1347 375 1387 (ἶῖίῖο
397 1358 531 1397 pane,
564 1348 589 1384 i.
623 1362 656 1385 e.
688 1349 945 1398 pauperrimo
980 1345 1129 1394 (atrum
1160 1346 1367 1383 Terentius
1397 1345 1499 1383 Eun.
1533 1347 1613 1383 939
1647 1343 1783 1392 dicit);

275 1431 368 1454 nam
413 1416 551 1454 sordes
596 1416 843 1465 paupertatis
890 1418 1000 1462 sunt,
1049 1414 1096 1452 cf.
1130 1414 1315 1465 Calpurn.
1349 1416 1392 1462 7,
1428 1415 1501 1452 80:
1554 1414 1648 1461 „sed
1684 1415 1782 1451 mihi

277 1485 411 1523 sordes
443 1485 637 1533 Pullaque
676 1487 889 1534 paupertas
929 1486 968 1520 et
1005 1483 1158 1520 adunco
1198 1481 1318 1520 fibula
1354 1495 1487 1519 morsu
1519 1480 1782 1520 Obfueruut“.

276 1554 486 1590 Ablativus
530 1553 783 1590 instrumenti
829 1555 901 1589 est.
962 1549 1007 1590 m
1036 1548 1214 1600 pannis,
1261 1552 1287 1589 i.
1321 1565 1353 1588 e.
1402 1551 1541 1600 pannis
1588 1554 1781 1588 contecta.

276 1619 409 1660 'alitam
436 1617 680 1669 oblectabas,
713 1622 738 1658 1.
766 1634 798 1659 e.
825 1619 1088 1666 sustentabas,
1116 1620 1163 1656 cf.
1187 1619 1297 1656 Pers.
1320 1620 1418 1657 127:
1456 1619 1640 1668 „paulum
1667 1631 1781 1668 prae-

275 1690 369 1738 sidi,
418 1690 492 1736 Qui
530 1690 765 1726 familiarem
806 1702 916 1725 suam
953 1689 1077 1725 uitam
1115 1687 1287 1724 oblectet
1325 1685 1484 1725 modo“.
1548 1686 1675 1724 Caeeil.
1717 1700 1780 1736 ap.

275 1758 354 1796 Cic.
386 1772 423 1807 p.
458 1758 577 1795 Coelio
614 1759 682 1804 16,
719 1759 790 1794 37:
843 1756 909 1804 „Si
948 1756 1101 1804 egebis,
1146 1755 1221 1792 tibi
1259 1755 1428 1802 dolebit,
1475 1755 1572 1792 mihi
1610 1758 1671 1792 sat
1710 1758 1781 1802 est,

276 1827 344 1876 qui
375 1826 502 1863 {etatis
534 1826 640 1875 quod
670 1825 868 1874 reliquum
901 1827 963 1861 est
990 1824 1180 1861 oblectem
1213 1822 1348 1861 meae“.
1409 1820 1574 1872 ἰ’πορῑά,
1608 1822 1780 1860 Gronov.

274 1895 602 1944 praepositionem
639 1892 727 1940 ,,111“
765 1907 811 1929 ex
845 1892 1096 1929 antecedenti
1128 1891 1303 1928 membro
1336 1889 1393 1938 (in
1424 1888 1583 1940 pannis)
1620 1890 1782 1928 audien-

277 1962 369 1999 dum
409 1965 561 2008 censet3
604 1962 722 1998 immo
767 1963 912 2007 „vitam
951 1962 1085 2009 inopia
1117 1957 1341 1997 0111601616ιι
1379 1962 1439 1996 est
1468 1959 1626 2008 inopem
1656 1960 1781 1996 vitam

275 2030 421 2065 vivere.
462 2049 515 2053 —
559 2030 650 2066 142.
692 2039 762 2076 esc,
801 2028 1061 2076 intelligenda
1099 2029 1214 2077 panis
1253 2027 1438 2064 sordidus
1478 2031 1517 2064 et
1555 2027 1688 2075 panni.
1726 2045 1783 2050 —

276 2107 449 2146 mccfflzccs
480 2093 656 2134 habebas
681 2094 844 2145 qratia-s
861 2097 1026 2133 Plautus
1054 2097 1173 2132 etiam
1198 2095 1307 2142 alibi,
1335 2095 1413 2132 vid.
1440 2095 1489 2131 ad
1514 2094 1658 2144 Amph.
1681 2095 1781 2140 1793

277 2165 345 2201 secl
369 2165 493 2201 Reizii
519 2164 832 2201 emendationem
863 2174 1058 2214 maynam
1085 2194 1092 2200 .
1113 2193 1120 2201 .
1142 2193 1149 2200 .
1173 2160 1355 2213 yrcct‘e'mn
1385 2166 1555 2200 metrum
1588 2176 1782 2200 commen-

278 2234 359 2271 dat.
416 2233 489 2279 Qui
520 2236 613 2283 post
644 2232 746 2270 hunc
784 2246 941 2269 versum
980 2233 1096 2282 plene
1134 2232 1409 2280 interpungat,
1451 2230 1624 2268 numeris
1663 2230 1783 2267 etiam

278 2301 353 2337 alia
384 2302 535 2337 ratione
567 2314 794 2338 succurrere
825 2301 961 2350 possit,
992 2301 1135 2337 omisso
1160 2295 1322 2348 Auseae,-
1354 2299 1422 2336 sed
1455 2312 1604 2335 comma
1633 2311 1783 2347 ponen-

278 2369 388 2415 dum,
422 2383 511 2406 nam
539 2365 705 2406 Eadem
736 2369 906 2405 refertur
938 2368 987 2405 ad
1023 2366 1182 2414 „Quae“
1218 2381 1254 2406 v.
1292 2368 1383 2405 140.
1416 2387 1473 2392 —
1507 2367 1598 2404 143.
1633 2364 1784 2415 quoius

279 2437 444 2485 (morast
468 2451 518 2474 sc.
545 2437 619 2473 tibi
644 2437 795 2483 melius,
823 2450 900 2485 quo
928 2436 1144 2473 adiuvante
1169 2436 1371 2473 meliorem
1395 2436 1486 2472 vitre
1512 2434 1782 2472 condicionem

278 2505 423 2553 adepta
463 2518 513 2542 cs.
545 2525 601 2529 —-—
637 2506 727 2542 144.
760 2504 1026 2543 maw-szcetmn.
1089 2504 1365 2553 Antiquiorem
1404 2503 1569 2539 formam
1611 2503 1784 2540 servavit

277 2572 430 2609 Nonius
461 2587 498 2622 p.
533 2574 634 2620 483,
669 2574 736 2622 qui
767 2576 962 2621 praeterea
993 2586 1040 2609 ex
1070 2572 1189 2609 Accio
1222 2575 1261 2609 et
1290 2572 1467 2609 Varrone
1499 2570 1615 2607 affert
1650 2584 1782 2617 „man-

279 2637 391 2675 sucs“
435 2644 473 2676 ct
516 2640 783 2687 „mansue1n“.
845 2636 974 2678 Fame
1012 2641 1068 2677 ait
1106 2653 1146 2676 se
1187 2653 1273 2676 eam
1319 2653 1366 2676 ex
1410 2640 1493 2675 fera
1537 2641 1782 2675 mansuetam

279 2707 539 2755 redditurum,
573 2709 745 2746 cf.Pli11.
771 2708 818 2745 H.
844 2708 892 2746 N.
917 2708 1020 2754 VIII,
1050 2709 1084 2754 9,
1113 2709 1185 2744 27:
1223 2707 1460 2755 „domantur
1491 2710 1621 2744 autem
1651 2705 1783 2743 rabidi

282 2774 517 2825 (elephanti)
546 2774 687 2813 fame“.
712 2796 768 2800 —-
791 2787 854 2813 me
885 2775 1023 2824 specta
1054 2772 1189 2823 modo,
1221 2775 1391 2813 formula
1419 2774 1680 2811 asseverantis
1710 2785 1783 2810 nec
