1926 3275
147 300 174 342 I,
195 302 223 343 1,
241 301 420 334 171—185
783 298 1017 342 Amphitruo,
1602 303 1650 340 19

752 423 1051 465 Mercurius

147 498 244 540 Illic
275 495 404 540 homo
436 511 462 539 a
492 511 560 539 me
592 496 675 539 sibi
705 496 865 537 malam
894 511 986 538 rem
1018 497 1201 538 arcessit
1230 496 1422 538 iumento
1455 511 1546 538 3110.

826 583 978 625 Sosia

148 659 246 700 Non
279 658 480 713 equidem
510 656 647 698 ullum
677 656 817 698 habeo
854 657 1104 698 iumentum.

755 744 1052 786 Mercurius

935 816 1191 858 Onerandus
1224 821 1289 858 est
1319 817 1473 871 pugnis
1505 817 1653 870 probe.

829 903 982 945 Sosia

149 978 307 1019 Lassus
341 991 434 1018 sum
466 975 612 1018 hercle
646 991 667 1017 e
699 976 820 1028 naui;
852 980 900 1017 ut
930 980 1083 1018 uectus
1114 976 1199 1018 huc
1232 991 1345 1029 sum,
1380 977 1511 1019 etiam
1542 991 1657 1018 nunc

1108 1063 1286 1090 nauseo.
1591 1050 1657 1083 325

151 1122 235 1164 Uix
264 1121 420 1163 incedo
452 1121 604 1173 inanis,
637 1134 691 1162 ne
722 1121 785 1161 ire
817 1135 944 1174 posse
978 1133 1075 1162 cum
1107 1135 1238 1163 onere
1271 1122 1517 1164 existumeS.

756 1207 799 1248 M
811 1222 832 1249 0
842 1222 864 1249 1
874 1221 896 1248 0
907 1223 935 1249 11
944 1209 988 1249 ri
998 1223 1026 1249 11
1035 1222 1054 1249 3

153 1281 280 1324 Certe
313 1282 427 1323 enim
458 1281 528 1323 hic
558 1281 705 1323 nescio
739 1280 835 1334 quis
866 1281 1071 1335 loquitur.

830 1364 983 1406 Sosia

975 1436 1127 1478 Saluos
1159 1450 1264 1487 sum,
1295 1451 1379 1478 non
1413 1451 1480 1478 me
1511 1437 1655 1488 uidet3

152 1509 323 1551 ‘Nescio
356 1508 495 1563 quem’
527 1508 647 1563 loqui
679 1513 895 1560 autuman
926 1508 1031 1549 mihi
1065 1512 1183 1550 certo
1215 1523 1373 1550 nomen
1405 1509 1611 1551 Sosiaest.

435 1638 439 1642 ῃ
756 1581 1055 1622 Mercurius

152 1654 265 1695 Hinc
297 1654 402 1695 mihi
433 1667 457 1695 α
489 1652 667 1695 dextera
698 1667 784 1694 uox
814 1653 943 1704 311113,
975 1657 1025 1693 ut
1054 1652 1241 1705 uidetur,
1273 1652 1489 1694 uerberat.

830 1725 983 1766 Sosia

153 1798 299 1840 Metuo
331 1799 452 1840 uocis
483 1813 536 1840 ne
568 1798 709 1840 uicem
741 1797 869 1839 hodie
907 1796 978 1838 hic
1017 1796 1238 1851 uapulem,
1272 1811 1383 1851 quae
1415 1795 1528 1837 hunc
1559 1810 1657 1836 uer-

1112 1869 1251 1910 berat.
1590 1867 1658 1901 330

759 1942 1055 1983 Mercurius

157 2012 341 2067 Optume
374 2028 524 2056 eccum
554 2014 721 2056 incedit
752 2014 808 2055 ad
839 2029 919 2055 me.

834 2086 988 2128 Sosia

941 2158 1102 2209 Timeo,
1133 2161 1252 2199 totus
1284 2160 1450 2210 torpeo.

156 2230 251 2272 Non
285 2230 441 2285 edepol
471 2244 585 2272 nunc
616 2230 690 2272 ubi
721 2234 936 2272 terrarum
969 2230 1047 2271 sim
1081 2230 1182 2281 3010,
1215 2229 1250 2269 31
1283 2229 1377 2283 quis
1409 2231 1545 2280 roget,

157 2302 308 2356 Neque
341 2303 471 2344 miser
502 2318 568 2345 me
602 2317 860 2344 conmoucre
893 2317 1070 2356 possum
1102 2316 1206 2355 prae
1238 2300 1480 2342 formidine.

158 2374 302 2426 Ilicet3
336 2375 544 2416 mandata
575 2375 638 2416 eri
668 2375 894 2429 perierunt
925 2388 1011 2415 una
1043 2378 1085 2414 et
1116 2373 1251 2415 Sosia.

158 2445 320 2488 Uerum
354 2451 562 2487 certumst
594 2446 862 2488 confidenter
893 2445 1108 2487 hominem
1144 2449 1297 2486 contra
1325 2443 1540 2497 conloqui,
1595 2447 1661 2481 335

160 2518 242 2569 Qui
274 2519 437 2572 possim
468 2518 608 2559 uideri
639 2517 740 2559 huic
771 2518 909 2569 fortis,
943 2532 967 2558 a
998 2532 1064 2558 me
1097 2521 1145 2558 ut
1176 2516 1394 2557 abstineat
1423 2529 1610 2555 manum.

763 2590 1059 2631 Mercurius

161 2661 254 2711 Quo
287 2661 482 2703 ambulas
514 2664 582 2713 tu,
616 2661 689 2716 qui
720 2660 961 2703 Uolcanum
992 2661 1036 2701 in
1069 2673 1203 2701 cornu
1237 2658 1485 2700 conclusum
1518 2658 1662 2711 geris?

254 2831 318 2864 329
344 2829 438 2864 Hinc
465 2829 561 2863 onim
588 2830 677 2864 mihi
705 2830 859 2865 dextera
937 2831 1004 2865 330
1030 2830 1109 2863 uice
1186 2831 1252 2863 334
1278 2829 1357 2862 Illic
1384 2833 1416 2861 01
1497 2828 1563 2861 335
1589 2839 1662 2859 ‹·‹·1·-

162 2890 220 2920 tus
247 2890 302 2920 est
373 2889 438 2921 336
465 2887 582 2931 Igitur
607 2888 667 2931 qui

1347 2952 1387 2985 2*
