1926 3275
754 319 1035 363 Prolegomena.
1567 320 1651 360 207

144 452 238 489 841.
275 448 443 498 ,,(101110“
479 450 592 499 Capt.
614 451 677 488 18.
708 450 795 487 Mil.
815 450 909 487 378.
947 446 1100 496 „foras“
1130 448 1238 485 Poen.
1259 448 1381 485 1287.
1414 446 1534 485 Stich.
1556 447 1649 485 597.

146 516 312 566 ,‚modo“
346 518 438 556 Aul.
474 519 568 556 587.
608 517 716 556 Trin.
751 519 845 556 602.
902 515 1046 564 „uiris“
1081 516 1225 554 Pseud.
1261 516 1354 553 173.
1405 513 1562 562 „uiros“
1597 515 1650 552 ib.

145 588 238 625 166.
283 586 403 625 Stich.
447 588 540 624 102.
605 584 728 633 „uiri“
778 586 868 624 Ter.
906 586 1066 623 Phorm.
1107 586 1201 622 787.
1266 581 1382 631 „ero“
1430 583 1522 621 Aul.
1557 584 1651 621 582.

140 655 262 693 Most.
297 656 391 693 949.
428 652 533 702 „eri“
568 655 656 692 Mil.
691 655 785 692 364.
822 652 956 701 ,‚ioco“
992 652 1133 691 Bacch.
1160 654 1226 690 73.
1263 650 1413 700 „dolis“
1447 651 1500 689 ib.
1529 652 1650 690 1087.

146 721 282 773 „pari“
318 722 370 761 ib.
407 724 528 761 1100.
567 721 704 770 „cani“
738 722 857 772 Epid.
891 723 984 760 231.
1025 719 1140 769 „uia“
1176 721 1265 758 Ter.
1298 720 1443 758 Heaut.
1479 721 1571 766 101,
1603 732 1652 756 ne

146 789 310 839 „homo“
347 805 651 829 commemorem
685 789 852 839 (Ritsch.
884 791 992 828 Prol.
1025 787 1216 837 CLXVI).

256 859 370 897 Talia
408 860 477 909 qui
515 873 587 909 per
625 872 825 909 syncopen
862 859 1009 908 prioris
1048 857 1210 907 syllabae
1250 857 1447 907 explicare
1477 855 1650 903 student,

140 929 284 965 miram
308 940 466 964 necesse
493 930 554 965 est
577 927 752 965 habeant
768 927 911 977 linguae
928 926 1184 974 facilitatem;
1210 925 1308 975 quid
1331 928 1462 962 autem
1485 924 1649 970 faciant,

140 996 209 1034 ubi
232 1009 310 1034 vox
335 1008 358 1032 a
380 995 511 1032 vocali
535 996 714 1045 incipiat,
741 998 787 1033 ut
816 993 970 1042 „erus“,
999 995 1158 1032 omnino
1185 1008 1266 1031 non
1290 993 1486 1041 intelligo.
1534 991 1650 1030 Cors-

141 1077 210 1102 sen
243 1064 390 1114 aliique
423 1067 607 1101 accentus
637 1064 678 1101 vi
707 1063 857 1101 factum
886 1066 1043 1112 putant,
1075 1066 1121 1100 ut
1148 1062 1303 1111 syllaba
1328 1064 1491 1099 accentu
1515 1073 1651 1098 carens

143 1146 166 1170 a
205 1133 393 1180 contigua
432 1132 603 1181 syllaba,
647 1145 734 1181 quae
775 1135 978 1169 accentum
1022 1130 1188 1178 habeat,
1227 1131 1427 1176 vincatur,
1467 1129 1588 1178 longa
1629 1141 1653 1164 a

140 1200 272 1248 brevi3
311 1214 384 1238 nos
421 1213 515 1238 vero
555 1214 626 1237 nec
665 1203 750 1237 tam
789 1199 936 1237 diversi
974 1199 1128 1249 generis
1159 1211 1222 1236 res
1253 1198 1294 1235 in
1324 1210 1446 1235 unum
1477 1195 1651 1234 conflare

141 1269 343 1317 audemus,
376 1282 448 1306 nec
476 1268 601 1306 ullam
632 1268 812 1306 accentui
843 1268 884 1304 in
906 1267 1086 1305 versibus
1102 1267 1298 1304 Plautinis
1320 1266 1400 1303 vim
1425 1264 1650 1302 tribuimus.

140 1337 194 1375 Iis
225 1337 358 1387 potius
390 1336 629 1384 accedimus,
663 1327 731 1386 qui
761 1336 958 1374 brevitate
990 1334 1263 1373 antecedentis
1302 1333 1464 1383 syllabae
1501 1333 1650 1370 factum

141 1406 390 1452 existimant,
431 1409 477 1442 ut
514 1405 796 1442 assimilatione
837 1403 1009 1453 quadam
1050 1404 1251 1453 posterior
1296 1415 1454 1452 quoque
1499 1400 1651 1450 syllaba

143 1474 401 1523 corripiatur,
433 1487 523 1511 nam
554 1473 596 1510 in
626 1473 829 1522 plerisque
869 1471 1048 1509 omnibus
1084 1471 1214 1508 brevis
1252 1470 1408 1519 syllaba
1439 1468 1650 1506 antecedit.

140 1542 297 1579 Primus
320 1541 561 1579 Ritschelius
578 1541 737 1590 Proleg.
757 1541 933 1578 Trinum.
958 1553 997 1589 p.
1017 1539 1176 1577 CLXVI
1207 1538 1343 1576 docuit
1379 1538 1443 1585 „in
1474 1536 1652 1574 vocalem

143 1613 329 1647 exeunt-es
359 1609 573 1647 verborum
599 1609 748 1646 formas
773 1608 962 1646 iambicas
989 1607 1189 1657 quaslibet
1212 1607 1302 1644 vitae
1328 1604 1652 1644 consuetudinem

142 1691 300 1728 passam
333 1691 416 1715 esse
448 1680 634 1727 correpta
663 1677 805 1714 ultima
827 1674 1119 1726 pronuntiari“.
1167 1675 1266 1712 Tum
1290 1673 1587 1711 Fleckeisenius
1610 1672 1651 1708 in

142 1746 357 1784 Annalium
387 1745 464 1783 vol.
485 1745 577 1782 LXI
607 1745 714 1782 idem
746 1748 784 1782 et
816 1744 867 1782 ad
898 1745 1044 1782 formas
1076 1744 1116 1780 in
1149 1746 1433 1780 consonantem
1466 1743 1654 1778 exeuntes

142 1815 342 1865 pertinere
381 1813 556 1851 ostendit
596 1817 634 1850 et
673 1812 723 1850 ad
761 1813 955 1851 vocabula
993 1811 1288 1860 monosyllaba,
1322 1809 1464 1860 quibus
1497 1812 1653 1846 antece-

143 1882 283 1920 derent
320 1883 447 1920 al’era
486 1880 762 1931 monosyllaba
798 1881 952 1928 brevia,
999 1884 1045 1917 ut
1092 1880 1299 1917 coniuncta
1339 1877 1511 1915 iambum
1551 1876 1653 1913 face-

142 1953 244 1988 rent.
304 1950 500 1987 Miillerus
545 1949 619 1987 hac
663 1963 742 1987 una
786 1949 872 1999 lege
919 1961 1174 1998 quaecumque
1219 1948 1261 1984 in
1305 1945 1495 1996 prosodia
1534 1944 1653 1981 Plau-

141 2019 227 2056 tina
272 2017 477 2056 offendunt
522 2018 713 2067 explicari
757 2030 875 2067 posse
928 2017 1148 2054 arbitratus
1200 2016 1320 2053 latius
1376 2027 1463 2051 eam
1514 2015 1654 2062 patere

144 2086 298 2133 statuit,
330 2090 376 2123 ut
407 2086 527 2123 etiam
558 2086 740 2134 longiora
763 2085 954 2123 vocabula
980 2084 1341 2135 comprehenderet,
1367 2083 1400 2119 si
1426 2084 1495 2118 aut
1519 2094 1654 2118 eorum

142 2154 383 2204 principium
420 2153 523 2192 hanc
561 2154 768 2192 iambicam
806 2154 972 2190 formam
1010 2153 1194 2199 haberet,
1235 2155 1322 2198 aut,
1364 2163 1484 2200 quum
1527 2149 1654 2198 prima

144 2221 300 2271 syllaba
329 2222 449 2270 longa
481 2225 598 2269 esset,
633 2221 890 2259 antecedente
922 2221 1114 2259 vocabulo
1144 2218 1420 2267 monosyllabo
1453 2221 1522 2255 aut
1547 2216 1654 2267 quod

144 2290 307 2327 elisione
352 2289 668 2339 monosyllabum
712 2290 860 2327 factum
906 2293 1028 2336 esset,
1074 2288 1247 2325 iambica
1291 2287 1417 2324 forma
1459 2289 1652 2322 oreretur.

143 2357 221 2395 Sed
251 2370 299 2394 ne
331 2357 386 2394 sic
419 2357 575 2406 quidem
609 2357 762 2394 deflexa
793 2361 833 2394 et
862 2357 1000 2394 laxata
1031 2357 1171 2404 regula
1214 2355 1264 2392 acl
1296 2354 1426 2391 omnia
1458 2354 1652 2398 convenit,

143 2439 215 2463 nec
245 2438 323 2462 non
354 2425 481 2462 multa
512 2429 664 2462 restant
698 2425 913 2462 arbitraria
944 2423 1221 2461 emendatione
1248 2421 1480 2469 ableganda.
1527 2421 1654 2457 Porro

142 2493 338 2530 Mullorus
368 2492 557 2530 iambicas
589 2492 800 2530 verborum
835 2492 982 2529 formas
1009 2492 1205 2541 simplices
1228 2491 1301 2528 hac
1325 2491 1482 2527 ratione
1508 2488 1652 2538 corripi

143 2574 261 2611 posse
292 2561 455 2608 statuit,
491 2574 576 2598 cum
607 2561 890 2611 praepositione
931 2560 1169 2609 compositas
1208 2572 1286 2595 non
1325 2571 1457 2607 posse3
1490 2556 1559 2593 sed
1589 2556 1653 2594 hic

143 2629 314 2678 primum
359 2629 635 2678 excipiendum
680 2626 838 2675 nescio,
880 2628 1006 2678 quod,
1049 2627 1194 2664 saltem
1233 2627 1265 2663 si
1308 2623 1398 2675 qui,
1442 2621 1546 2674 quid
1585 2627 1654 2661 aut

144 2697 291 2734 similia
313 2700 545 2747 sequuntur,
572 2696 719 2745 dactyli
742 2709 966 2733 mensuram
990 2695 1134 2732 habere
1159 2695 1280 2740 solet,
1309 2693 1452 2730 deinde
1478 2689 1654 2730 aduenis*

144 2765 288 2802 ultima
310 2765 422 2802 brevi
438 2764 552 2801 Truc.
577 2766 676 2812 1283
708 2761 882 2811 uenerit,
917 2761 1051 2802 esurit
1080 2762 1472 2800 commemoravimus
1497 2775 1536 2810 p.
1557 2761 1651 2797 205.

145 2831 275 2878 Quare
317 2845 438 2882 quum
479 2833 705 2869 universam
743 2833 938 2869 rationem
977 2834 1082 2868 recte
1121 2833 1371 2880 perspectam
1413 2840 1650 2873 censeamus,

143 2903 279 2938 tamen
303 2901 390 2938 istis
416 2899 560 2937 finibus
587 2899 854 2938 circumscribi
884 2912 1000 2950 posse
1031 2912 1110 2936 non
1142 2898 1382 2935 arbitramur
1414 2894 1653 2945 corripiendi
