1926 3275
803 312 845 346 V.
872 313 1062 347 351—372.
1606 315 1687 353 273
1731 335 1734 338 ⁴

182 442 421 494 appellaris?
455 442 528 490 Sic,
548 456 625 480 non
644 440 764 492 quod,
784 442 913 480 dicere
930 442 1031 478 solet
1046 441 1223 487 Plautus,
1242 440 1323 477 vicl.
1343 440 1455 489 Capt.
1476 441 1570 477 284.
1592 441 1686 477 976.

180 510 276 548 Cist.
312 511 404 548 606.
443 510 562 548 Most.
598 512 691 549 650.
731 510 837 548 Men.
873 511 966 547 337.
1001 510 1095 546 488.
1133 510 1253 546 1109.
1286 508 1428 545 Pseud.
1464 509 1557 546 640.
1593 510 1686 546 981.

180 578 290 616 Pers.
310 579 403 616 622.
428 578 530 616 Rud.
554 579 672 616 1160.
703 579 824 615 1163.
850 577 957 614 Trin.
979 578 1079 623 8893
1103 580 1148 613 ut
1171 576 1354 613 dubitare
1378 576 1509 623 liceat,
1536 590 1585 613 an
1609 590 1688 613 non

180 650 285 684 recte
317 646 431 684 codd.
463 646 584 684 Merc.
621 648 699 684 507
732 645 922 683 habeant:
969 644 1097 694 „quod
1128 641 1310 680 nomen“.
1373 643 1504 681 Etiam
1549 644 1687 693 „quid-

180 714 278 772 quid
309 717 366 751 est
396 728 538 752 nomen
569 712 667 750 tibi“
702 713 809 751 Men.
845 714 939 750 799.
972 712 1114 750 Pseud.
1150 712 1242 749 643.
1277 711 1377 749 Gell.
1404 711 1469 758 IV,
1501 713 1534 758 1,
1563 712 1600 748 4.
1632 732 1689 737 —

182 783 276 820 361.
318 782 430 819 Sosia
468 794 650 830 magnum
692 795 732 818 se
772 781 921 818 faciens
962 781 1079 817 etiam
1123 781 1249 828 patris
1295 793 1438 817 nomen
1482 780 1687 829 praedicat,

178 852 294 899 quasi
324 850 425 887 liber
455 850 571 887 homo
604 850 655 886 sit
687 852 726 885 et
757 850 964 897 ingenuus.
990 868 1048 873 —
1074 848 1166 885 362.
1198 848 1239 884 tu
1265 845 1374 894 istic,
1401 847 1448 884 cf.
1471 849 1564 885 571.
1592 849 1686 886 740.

181 917 288 954 Men.
324 918 417 955 638.
461 919 554 955 640.
597 918 690 954 918.
738 916 858 953 BIerc.
894 918 987 954 747.
1035 937 1092 941 —
1135 912 1244 954 malo
1286 916 1372 962 tuo,
1413 915 1460 952 Cf.
1496 917 1589 953 317.
1632 936 1690 942 —-

183 986 278 1023 363.
313 983 507 1023 audaciai
545 999 681 1022 versus
724 998 843 1021 causa.
874 984 1022 1021 Camer.
1061 1004 1118 1009 —
1156 981 1363 1030 columen,
1397 985 1421 1020 i.
1456 998 1487 1021 e.
1522 985 1686 1030 culmen,

183 1053 230 1090 cf.
258 1052 342 1090 Cat.
368 1053 414 1090 R.
440 1053 487 1090 R.
517 1054 584 1090 15:
623 1053 862 1099 „Maceriam
994 1053 1117 1089 altam
1147 1065 1185 1101 p.
1211 1052 1244 1088 V
1277 1055 1315 1088 et
1347 1052 1525 1089 columen
1556 1066 1594 1102 p.
1627 1051 1686 1089 Ι“.

182 1120 295 1158 Varr.
314 1120 360 1158 R.
380 1121 426 1158 R.
449 1121 520 1168 III,
547 1123 585 1167 7,
613 1123 656 1158 2:
695 1121 849 1167 „Unum
884 1118 1025 1168 (genus
1058 1117 1346 1166 columbarum)
1383 1123 1550 1168 agreste,
1584 1120 1689 1169 quod

181 1188 350 1226 habetur
388 1189 429 1225 in
467 1189 645 1226 turribus
686 1202 729 1226 ac
768 1188 1030 1226 columinibus
1071 1186 1216 1225 villae“.
1255 1208 1305 1212 ——
1336 1186 1523 1225 coo'zsm‘is
1564 1185 1686 1233 dolis,

181 1257 228 1294 cf.
247 1256 389 1293 Pseud.
411 1258 504 1294 541.
553 1256 687 1294 Graece
712 1258 858 1307 ῥάπτειν
883 1257 1016 1298 δόλους.
1058 1256 1168 1306 Capt.
1190 1257 1289 1293 685:
1329 1255 1401 1301 „ob
1427 1256 1573 1292 sutelas
1598 1259 1688 1293 tuas

181 1328 221 1361 te
244 1326 362 1362 morti
386 1322 571 1362 misero“.
600 1345 656 1349 ——
682 1326 773 1362 364.
808 1324 933 1371 Sosia,
966 1328 1011 1361 ut
1042 1324 1153 1370 solet,
1186 1324 1349 1374 proprie
1381 1324 1578 1372 accipiens
1608 1338 1688 1361 non

182 1393 292 1430 dolos
332 1393 401 1430 sed
444 1391 607 1431 fztm'cccs
647 1394 702 1430 ait
737 1406 777 1430 se
817 1396 1001 1430 consutas
1040 1392 1196 1429 habere.
1258 1391 1366 1428 Duas
1407 1395 1536 1428 autem
1568 1393 1687 1440 vulgo

180 1461 336 1498 tunicas
366 1461 592 1510 gestabant,
627 1462 855 1498 interiorem
887 1464 926 1497 et
958 1461 1205 1506 exteriorem,
1242 1459 1471 1497 subuculam
1505 1464 1544 1497 et
1574 1460 1687 1497 inclu-

180 1530 294 1575 sium,
311 1531 356 1565 ut
372 1529 427 1565 ait
443 1528 570 1566 Varro
589 1529 632 1566 L.
647 1529 749 1576 L.V,
766 1530 856 1565 131.
883 1529 930 1565 cf.
945 1527 1047 1565 Gell.
1061 1527 1109 1574 X,
1129 1529 1189 1574 15,
1207 1529 1241 1565 3.
1260 1527 1349 1564 Aul.
1370 1528 1470 1564 637:
1493 1542 1565 1574 „ne
1582 1529 1687 1565 inter

180 1597 336 1633 tunicas
366 1595 555 1634 habeas“.
604 1597 767 1643 Quintil.
793 1596 861 1643 XI,
890 1598 924 1643 3,
956 1597 1047 1633 138.
1094 1596 1175 1633 Nec
1206 1596 1466 1643 elegantiores
1498 1596 1584 1642 soli,
1619 1597 1688 1633 sed

183 1665 301 1701 etiam
333 1666 447 1711 servi,
480 1679 515 1702 v.
541 1665 650 1702 Pers.
679 1665 777 1702 364:
817 1665 932 1711 „dum
956 1665 1109 1701 tunicas
1134 1662 1285 1714 ponit“.
1335 1662 1519 1712 Calpurn.
1550 1665 1585 1710 3,
1613 1666 1685 1701 29:

189 1732 397 1779 „Protinus
430 1733 562 1770 ambas
588 1733 737 1770 Diduxi
764 1733 919 1769 tunicas
947 1735 985 1769 et
1014 1735 1179 1781 pectora
1210 1732 1316 1768 nuda
1348 1730 1509 1768 cecidi“.
1557 1732 1686 1782 Iosep.

182 1800 320 1850 Antiq.
353 1801 482 1847 XVII,
518 1804 559 1847 5,
595 1803 639 1837 7:
685 1802 870 1848 θεώμενος
909 1801 1181 1849 ὗπερραμμένοίν
1219 1802 1281 1835 τοῦ
1319 1800 1448 1855 (δούλου
1491 1801 1548 1836 τὸν
1595 1801 1689 1842 ἐντὸς

181 1870 316 1913 χίῖωνα
351 1866 583 1915 (ἐνδεδνκέναι
617 1870 688 1918 γὰρ
721 1866 800 1914 δύο)
835 1871 974 1904 εἴκασεν
1015 1868 1109 1909 ἐντὸς
1140 1869 1198 1912 τῆς
1229 1869 1427 1912 ἐπιπτυχῆς
1459 1869 1689 1916 κρύπτεσθαι.

183 1937 226 1972 τὰ
255 1938 458 1986 γράμματα.
484 1958 537 1961 —
566 1938 657 1974 365.
692 1934 886 1974 mentiris
918 1934 1055 1983 etiam,
1089 1936 1135 1972 cf.
1166 1937 1258 1973 340.
1284 1956 1341 1960 —
1355 1933 1551 1983 pedibus,
1584 1937 1687 1973 Mer-

185 2006 316 2042 curius
349 2018 504 2054 quoque
537 2006 669 2042 servili
701 2005 818 2041 modo
850 2004 963 2050 ludit,
998 2005 1109 2052 quasi
1133 2005 1172 2040 in
1197 2003 1466 2053 superioribus
1491 2004 1689 2041 ablativus

183 2073 439 2109 instrumenti
485 2074 553 2119 sit,
602 2086 681 2110 non
730 2072 806 2109 abl.
856 2072 975 2109 modi.
1014 2092 1070 2096 ——
1111 2073 1204 2109 367.
1245 2068 1464 2120 inyrccl‘i‘is,
1512 2074 1688 2120 quamvis

184 2139 305 2186 nolis,
338 2140 556 2190 vapulabis,
592 2141 637 2177 cf.
671 2141 761 2177 162.
796 2161 850 2164 —
885 2141 976 2177 368.
1011 2136 1297 2185 cwbiz‘rccrl'mn,
1332 2139 1437 2188 quod
1470 2139 1688 2176 arbitratur

184 2207 327 2257 aliquis
359 2209 439 2244 sive
472 2209 607 2254 credit,
642 2209 739 2245 dicit
770 2208 956 2254 Plautus,
990 2208 1036 2245 cf.
1071 2207 1175 2244 Poen.
1210 2208 1310 2244 790:
1349 2207 1486 2252 „Nunc
1516 2208 1583 2256 pol
1615 2220 1687 2255 ego

183 2276 285 2324 perii
311 2278 429 2322 certo,
456 2276 561 2312 haud
586 2274 839 2312 arbitrario“.
858 2296 914 2299 —
932 2277 1025 2313 370.
1044 2275 1140 2312 Post
1162 2271 1241 2323 Qui
1261 2275 1404 2311 hiatur.
1440 2275 1555 2312 Both.
1580 2275 1688 2324 „Ego

184 2341 276 2392 qui“
312 2343 530 2389 εει-11101131,
565 2344 623 2380 Fl.
663 2344 737 2389 „At
766 2341 951 2392 paruni“;
984 2346 1121 2379 neutro
1149 2356 1260 2392 opus.
1288 2363 1340 2366 —
1369 2338 1499 2381 Perii.
1533 2343 1689 2381 Scilicet

183 2411 339 2460 plagam
380 2412 413 2447 ei
452 2410 595 2447 inflixit
635 2411 869 2447 Mercurius.
932 2410 1077 2446 Verum
1111 2410 1185 2446 hoc
1223 2423 1301 2446 non
1340 2415 1544 2447 contentus
1583 2412 1688 2448 idem

184 2479 237 2515 sic
268 2481 418 2528 pergit:
473 2478 611 2524 „Quod
650 2482 689 2514 te
727 2479 894 2527 periisse
927 2477 1033 2523 dicis,
1068 2477 1240 2514 nondum
1274 2479 1369 2514 satis
1401 2479 1544 2515 malum
1577 2483 1687 2516 tuum

185 2559 482 2591 commemoras,
531 2547 562 2583 si
602 2546 888 2594 comparaveris
936 2559 1021 2581 011111
1054 2559 1119 2592 eo,
1168 2545 1272 2595 quod
1317 2550 1356 2582 te
1403 2549 1557 2593 manet,
1597 2560 1687 2582 nam

184 2614 307 2650 multo
338 2615 426 2663 plus
460 2612 758 2650 verberabei·e“.
813 2613 986 2662 praeut,
1020 2613 1066 2649 cf.
1102 2612 1240 2649 Bacch.
1277 2615 1377 2650 922:
1417 2619 1582 2663 „praeut
1615 2627 1686 2661 ego

185 2694 293 2718 erum
325 2681 558 2731 expugnabo
586 2679 754 2717 111011111“.
787 2680 891 2717 Μο11.
914 2682 1006 2717 369.
1040 2680 1124 2717 Mil.
1145 2682 1210 2717 20.
1244 2681 1363 2717 Merc.
1385 2681 1484 2718 461:
1525 2685 1688 2731 „praeut

182 2762 262 2798 quo
279 2753 395 2798 pacto
422 2762 492 2798 ego
519 2749 697 2785 divorsus
725 2747 964 2785 distrahor“.
997 2748 1084 2785 Ter.
1104 2748 1204 2785 Eun.
1227 2750 1319 2786 301.
1338 2769 1394 2773 —
1413 2750 1505 2785 371.
1527 2747 1688 2798 pugyn'ls

184 2827 265 2853 usu
294 2813 438 2866 fecisti
472 2817 597 2853 sttuite.
661 2816 771 2861 Quod
805 2829 863 2852 ine
895 2817 1036 2866 pugnis
1069 2816 1204 2862 caedis,
1239 2830 1298 2852 me
1330 2817 1441 2865 quasi
1472 2820 1540 2853 tuo
1572 2830 1685 2852 servo

184 2885 321 2920 uteris.
369 2884 534 2920 Adludit
568 2883 615 2920 ad
646 2885 935 2932 usucapionem.
967 2905 1017 2909 —
1043 2885 1135 2921 372.
1166 2880 1251 2921 Pro
1273 2881 1400 2932 fidem
1432 2884 1524 2920 olim
1556 2897 1685 2920 emen-

1373 2960 1414 2991 18
