1926 3275
731 258 1012 303 Prolegomena.
1548 264 1598 302 14
1603 264 1626 302 3

118 394 157 429 et
193 390 320 428 Marci
355 387 529 427 Plauti“.
590 389 692 426 Nam
733 389 999 427 coniecturam
1037 388 1201 426 Mulleri
1246 402 1476 436 „commune
1513 389 1628 427 Lucii

116 456 273 497 Plauti“
317 459 402 495 iure
439 457 682 508 improbavit
711 457 954 495 Ritschelius
991 471 1031 507 p.
1066 457 1118 494 24
1150 471 1207 506 sq.
1268 456 1466 506 Equidem
1495 457 1628 494 locum

116 527 172 564 sic
215 526 419 575 intelligo:
477 525 666 573 „Plautus
713 528 753 562 et
796 525 978 563 Plautius
1024 524 1255 562 dissimilem
1301 538 1434 562 casum
1477 528 1628 562 rectum

115 595 284 641 habent,
333 607 579 632 communem
623 594 870 643 genetivum,
916 595 963 630 ut
1005 593 1123 630 huius
1160 592 1294 630 Plauti
1334 590 1376 640 (i.
1410 606 1443 630 e.
1483 596 1625 643 poetae,

117 676 234 713 quem
265 676 388 712 quum
418 662 587 700 maxime
617 659 852 709 tractamus)
886 664 925 698 et
949 661 1076 699 Marci
1099 661 1231 698 Plauti
1265 658 1307 708 (i.
1342 674 1374 698 e.
1399 661 1454 698 M.
1480 660 1628 698 Plautii

116 731 286 778 Silvani,
328 731 396 781 qui
435 731 562 781 legem
598 730 848 767 iudiciariam
877 730 973 767 tulit
1003 742 1105 768 anno
1138 726 1223 776 89).
1257 748 1314 753 —-
1343 727 1512 766 Gravius
1544 742 1628 766 cor-

115 802 258 848 ruptus
282 799 386 836 alter
400 799 593 836 Varronis
617 798 729 835 locus
755 801 827 844 est,
854 797 940 844 VII,
977 799 1077 836 104:
1116 800 1252 844 „sueta
1282 795 1458 833 frendioe
1482 796 1625 833 frunde

116 870 157 904 et
187 867 355 904 frutinni
394 867 571 904 suauiter
608 866 779 903 maccius
817 867 861 903 in
902 866 1034 903 casina
1065 879 1088 902 a
1116 864 1333 914 fringuilla.
1396 865 1499 910 Quid
1530 865 1628 901 frin-

117 934 253 983 gutis‘?
295 935 392 984 quid
422 935 525 972 istuc
554 937 636 971 tam
667 933 811 984 cupide
840 931 997 983 petis?“
1047 933 1127 971 Ubi
1159 932 1267 982 quod
1297 933 1392 969 olim
1422 933 1629 982 legebatur

121 1002 200 1050 ,‚M.
226 1003 368 1040 Accius
398 1003 442 1039 in
466 1000 649 1048 Casina“,
683 1002 833 1038 maiore
863 1002 950 1038 iure
986 999 1208 1047 „Maccius“
1244 1001 1323 1048 legi
1348 1003 1526 1050 poterat·;
1560 1000 1629 1037 sed

116 1084 166 1108 ne
212 1071 288 1108 1100
333 1070 494 1120 quidem
537 1073 665 1116 recte,
712 1083 804 1106 nam
841 1069 968 1106 Varro
1009 1082 1166 1119 semper
1204 1068 1392 1105 Plautum
1433 1068 1626 1118 appellat3

117 1152 240 1188 quare
271 1139 391 1175 etiam
414 1138 490 1175 hoc
512 1138 612 1184 1000,
646 1138 680 1174 51
710 1140 836 1187 poetae
868 1150 1013 1175 nomen
1044 1137 1236 1186 scriptum
1260 1139 1375 1183 esset,
1407 1136 1628 1185 legeremus

121 1206 311 1254 „Plautus
341 1207 381 1243 in
413 1204 595 1244 Casina“.
646 1205 724 1243 Sed
755 1205 795 1242 in
825 1208 921 1242 nota
950 1205 1085 1242 fabula
1114 1208 1245 1254 poetae
1276 1217 1422 1241 nomen
1453 1202 1629 1240 indicare

115 1275 287 1312 Varroni
317 1287 604 1324 supervacuum
641 1274 770 1311 Visum
808 1277 881 1310 est.
942 1273 998 1311 Ut
1036 1273 1155 1322 paulo
1195 1275 1286 1308 ante
1325 1269 1363 1319 (ξ
1399 1269 1496 1318 103)
1537 1274 1630 1321 post

116 1343 280 1380 Pacuvii
309 1341 577 1390 fragmentum
607 1341 757 1391 legitur
792 1342 857 1388 „in
879 1338 1128 1386 Aulularia“‚
1162 1341 1216 1377 sic
1246 1340 1321 1377 hoc
1352 1353 1510 1390 quoque
1541 1340 1628 1376 1000

119 1411 309 1448 omissum
333 1413 393 1446 est
409 1410 544 1447 Plauti
567 1422 721 1456 nomen,
754 1422 839 1447 voc.
873 1410 957 1446 sine
982 1408 1103 1445 dubio
1136 1411 1370 1457 corruptum
1405 1405 1623 1454 „maccius“

118 1492 206 1516 011111
237 1477 566 1515 antecedentibus
598 1477 839 1526 iungendum
871 1480 944 1514 est.

231 1546 353 1596 Apud
378 1545 549 1583 Gellium
573 1545 643 1591 III,
680 1546 715 1591 3,
751 1546 773 1582 9
806 1545 891 1581 haec
920 1545 1124 1594 leguntur:
1163 1543 1241 1589 „M.
1273 1546 1405 1580 tamen
1430 1543 1557 1580 Varro
1587 1545 1629 1580 in

116 1614 222 1651 libro
255 1613 302 1650 de
333 1613 533 1650 comoediis
565 1609 762 1649 Plautinis
793 1613 923 1662 primo
953 1612 1064 1648 Accii
1095 1611 1218 1648 verba
1248 1611 1331 1647 haec
1360 1611 1494 1660 ponit:
1527 1611 1629 1648 Nam

118 1695 190 1719 1100
221 1681 378 1719 Gemini
408 1694 480 1718 nec
510 1680 666 1718 Leones
697 1694 769 1717 nec
800 1680 1030 1718 Condalium
1064 1693 1136 1716 nec
1162 1679 1272 1716 Anus
1303 1678 1436 1715 Plauti
1466 1692 1537 1715 1100
1561 1678 1628 1715 Bis

119 1762 344 1799 compressa
373 1761 446 1785 nec
475 1748 632 1785 Boeotia
662 1761 836 1798 unquam
866 1747 958 1795 fuit,
991 1761 1120 1797 neque
1152 1746 1249 1784 adeo
1280 1746 1470 1795 Agroecus
1501 1759 1628 1795 neque

119 1816 427 1855 Commorientes
451 1814 486 1857 §F
512 1817 608 1854 accii
633 1814 740 1853 titi“.
786 1815 977 1852 Extrema
1002 1815 1123 1852 verba
1147 1815 1391 1863 antiquiores
1417 1815 1474 1851 510
1498 1827 1628 1850 0111011-

119 1884 328 1922 daverant:
373 1897 525 1934 „neque
565 1883 894 1930 Commorientes,
935 1882 1004 1920 sed
1041 1882 1095 1919 M.
1128 1880 1328 1932 Aquilii“;
1367 1881 1626 1919 Ritschelius:

124 1965 277 2003 „neque
316 1952 626 1990 Commorientes
664 1951 793 1988 Macci
831 1949 951 1997 Titi“,
998 1953 1044 1987 ut
1087 1950 1147 1987 his
1186 1961 1343 1999 quoque
1380 1949 1514 1985 verbis
1551 1962 1629 1985 non

119 2023 204 2059 veri
242 2024 370 2071 poetae
417 2034 559 2057 nomen
602 2019 820 2065 indicetur,
870 2018 940 2056 sed
984 2021 1139 2055 tantum
1185 2017 1302 2054 modo
1348 2016 1431 2054 haec
1471 2030 1629 2066 quoque

119 2089 263 2127 fabulae
300 2088 433 2125 Plauti
479 2101 562 2124 esse
600 2090 807 2135 negentur.
869 2086 986 2133 Quod
1032 2086 1209 2135 quamvis
1256 2084 1395 2121 duram
1441 2085 1629 2122 orationis

120 2158 286 2195 formam
316 2156 477 2202 reddat,
510 2169 580 2192 1100
610 2156 800 2206 repetitio
842 2155 912 2191 illa
943 2153 1118 2191 eiusdem
1148 2165 1328 2203 personae
1361 2152 1438 2189 alio
1469 2153 1629 2189 nomine

119 2224 352 2273 significatae
382 2223 624 2260 obscuritate
656 2226 799 2269 careat,
832 2225 966 2259 tamen
997 2225 1164 2272 propter
1190 2221 1421 2257 facilitatem
1447 2220 1629 2257 emenda-

120 2294 242 2331 tionis
272 2292 454 2341 plerique
486 2291 658 2341 amplexi
684 2294 788 2328 sunt.
834 2290 915 2327 Nos
945 2289 1181 2335 dubitamus,
1214 2289 1284 2325 sed
1314 2302 1387 2325 nec
1416 2288 1630 2326 verborum

121 2360 300 2398 ordinem
345 2359 505 2396 obstare
552 2371 772 2404 censemus,
820 2371 911 2394 nam
951 2357 1136 2394 similiter
1175 2356 1326 2393 Ennius
1370 2357 1524 2393 locutus
1570 2359 1630 2393 est

122 2427 230 2478 apud
260 2427 437 2464 Ciceron.
470 2425 581 2463 Brut.
621 2427 692 2463 15:
745 2425 845 2471 „Ore
877 2424 1072 2473 Cethegus
1112 2423 1269 2461 Marcus
1310 2424 1509 2461 Tuditano
1552 2423 1629 2460 col-

121 2494 234 2544 lega“
278 2498 318 2531 et
349 2495 418 2544 qui
446 2493 608 2530 Pacuvii
646 2493 895 2543 epitaphium
934 2493 1097 2542 scripsit
1135 2491 1242 2541 apud
1272 2491 1370 2528 Gell.
1405 2492 1441 2538 Ι,
1476 2492 1548 2538 24,
1582 2492 1626 2527 4:

128 2563 227 2610 „Hic
265 2566 357 2599 sunt
394 2564 523 2612 poetae
561 2561 708 2598 Pacuvi
745 2560 872 2597 Marci
910 2560 986 2596 sita
1024 2557 1161 2605 Ossa“‚
1211 2572 1282 2595 nec
1319 2572 1461 2596 nomen
1499 2561 1628 2609 ipsum

122 2631 269 2677 Macci,
325 2630 432 2680 quod
484 2630 572 2667 aliis
625 2628 865 2678 minimeque
918 2627 1152 2677 spernendis
1204 2628 1443 2664 testimoniis
1488 2627 1629 2664 Plauto

123 2698 362 2736 uindicatur.

238 2765 391 2803 Horum
431 2765 708 2814 gravissimum
739 2767 818 2811 est,
853 2763 959 2814 quod
1001 2764 1040 2799 in
1078 2763 1337 2812 palimpsesto
1368 2761 1629 2799 Ambrosiano

124 2837 216 2884 post
252 2833 432 2884 Casinam
473 2833 620 2883 legitur
649 2833 680 2870 T
710 2832 874 2870 MACCI
911 2830 1107 2869 PLAUTI
1145 2830 1332 2869 CASINA
1368 2828 1627 2874 EXPLICIT,
