1926 3275
232 259 235 261 ’
287 265 366 305 152
893 260 1173 306 Prolegomena.

282 391 482 429 Extremae
519 390 681 437 fabulae,
720 389 954 438 Vidulariae,
999 390 1142 427 titulus
1183 390 1291 428 solus
1328 390 1487 427 relictus
1527 392 1598 427 est.
1656 389 1783 428 Periit

283 462 460 497 extrema
487 459 703 496 Aululariae
740 461 780 495 et
809 459 920 507 prior
950 457 1188 495 Bacchidum
1219 471 1323 507 pars,
1356 461 1476 507 atque
1507 457 1605 495 adeo
1638 458 1783 496 avulsis

282 528 399 575 foliis,
425 526 566 577 quibus
581 526 797 564 Aululariae
821 526 963 563 ultima
984 539 1078 576 pars
1105 523 1145 573 (a
1160 539 1196 563 v.
1217 522 1315 573 820)
1338 528 1378 562 et
1392 526 1608 564 Bacchides
1624 527 1783 576 scriptae

283 598 417 642 erant,
456 596 512 632 ita
548 597 592 631 ut
620 593 836 631 Aululariae
875 607 1031 631 versum
1064 595 1143 631 819
1184 593 1338 642 Captivi
1378 594 1620 643 exciperenh,
1662 607 1783 644 quum

282 667 422 714 postea
445 663 605 699 inventa
629 665 772 709 essent,
806 674 892 710 quae
910 661 1127 698 Bacchides
1157 665 1302 710 praeter
1331 662 1485 698 inicium
1516 662 1781 710 continebam),

283 745 328 769 ea
357 744 435 768 11011
465 743 533 767 suo
570 730 657 766 loco
695 729 871 777 reposita
910 732 1021 776 sunt,
1055 729 1124 766 sed
1157 732 1248 766 ante
1278 729 1585 776 Mostellariam,
1619 730 1645 766 i.
1678 743 1710 766 6.
1742 730 1784 767 in

281 799 478 849 principio
518 795 682 834 secundi
719 796 947 844 voluminis3
987 810 1077 834 nam
1114 799 1279 847 propter
1309 797 1612 846 amplitudinem
1642 809 1783 846 corpus

282 866 504 904 fabularum
541 864 814 902 Plautinarum
851 865 892 901 in
934 864 1031 902 duas
1071 868 1205 914 partes
1251 864 1419 902 divisum
1465 868 1568 912 erat,
1617 878 1783 915 quarum

282 935 392 985 prior
430 936 517 970 octo
558 931 711 969 fabulas
742 931 967 969 continebat
1003 932 1085 979 vel,
1127 931 1220 970 dum
1249 932 1465 970 Bacchides
1504 946 1617 970 suum
1654 933 1784 970 locum

283 1001 530 1048 obtinebant,
562 1012 715 1046 novem,
749 999 874 1036 altera
904 1003 1068 1037 ceteros.

396 1067 707 1106 Renascentibus
751 1067 895 1104 litteris
940 1068 981 1104 in
1020 1067 1137 1104 Italia
1180 1067 1292 1116 prior
1335 1071 1488 1106 tantum
1535 1080 1647 1117 pars,
1694 1070 1783 1106 octo

282 1137 425 1176 fabulae
461 1138 565 1173 notae
605 1137 729 1171 erant.
790 1134 939 1171 Earum
969 1149 1049 1172 non
1079 1135 1205 1184 pauci,
1238 1135 1307 1172 sed
1337 1148 1476 1184 parum
1506 1135 1598 1172 boni
1629 1135 1784 1174 codices

282 1205 530 1250 ferebantur,
577 1202 680 1239 uncle
727 1203 843 1238 etiam
887 1203 995 1252 typis
1041 1215 1190 1240 excusae
1236 1206 1344 1250 sunt,
1391 1217 1426 1240 v.
1459 1203 1610 1240 Ritsch.
1643 1203 1714 1253 Op.
1745 1203 1785 1241 Π

282 1287 321 1323 p.
356 1273 408 1310 34
440 1285 497 1321 sq.
558 1269 635 1308 Sed
678 1270 720 1306 in
758 1270 969 1308 Germania
1014 1273 1052 1308 et
1099 1273 1319 1308 ceterarum
1362 1271 1585 1308 fabularum
1629 1271 1783 1309 codices

284 1339 472 1378 extabant
502 1340 541 1375 et
572 1337 709 1374 harum
744 1350 822 1375 non
852 1338 970 1387 paulo
1000 1339 1194 1376 meliores.
1240 1338 1390 1376 Eorum
1420 1339 1570 1388 primus
1600 1339 1782 1387 innotuit,

285 1421 401 1457 quem
438 1409 616 1454 tempore
646 1405 882 1442 Basileensis
921 1406 1077 1443 concilii
1115 1406 1303 1443 Nicolaus
1334 1406 1579 1444 Trevirensis
1616 1406 1782 1454 invenit,

284 1488 401 1526 quem
438 1487 559 1523 quum
590 1472 757 1510 Ursinus
797 1473 1007 1510 cardinalis
1046 1474 1202 1511 emisset
1232 1474 1444 1524 Romaeque
1484 1473 1783 1512 describendum

284 1545 469 1588 curasset,
503 1554 550 1578 ex
580 1540 781 1579 codicibus
809 1540 901 1577 inde
932 1540 1122 1578 derivatis
1152 1555 1231 1578 una
1262 1555 1349 1579 cum
1380 1542 1489 1591 prius
1519 1542 1621 1578 notis
1652 1541 1784 1579 Plauti

282 1610 436 1648 fabulas
473 1609 550 1646 XX
594 1607 805 1645 ediderunt
847 1609 1018 1657 primum
1062 1609 1218 1646 Merula
1263 1606 1454 1656 (Venetiis
1504 1606 1651 1656 1472),
1697 1612 1783 1646 tum

283 1677 496 1723 Scutarius,
529 1675 757 1722 saracenus,
781 1675 886 1723 Pius,
912 1676 1093 1724 Pylades,
1117 1676 1244 1714 Aldus
1275 1677 1422 1727 aliique
1445 1677 1551 1714 I‘cali.
1598 1676 1783 1715 Codioem

282 1745 411 1795 ipsum
447 1743 699 1782 Ursinianum
729 1743 969 1781 Ritsehelius
1011 1742 1185 1792 (Proleg.
1218 1745 1324 1782 Trin.
1364 1758 1403 1795 p.
1438 1741 1508 1792 31)
1549 1744 1784 1782 monstravit

283 1825 371 1849 eum
394 1824 488 1857 esse,
516 1812 583 1860 qui
605 1811 722 1848 hodie
746 1812 786 1848 in
802 1811 993 1848 Vaticana
1016 1811 1256 1849 bibliotheca
1281 1825 1442 1849 numero
1469 1813 1576 1850 3870
1603 1813 1784 1862 signatur
1805 1857 1808 1859 Α

285 1878 507 1927 (Ritschelii
536 1875 604 1925 D).
665 1878 848 1916 Contineb
875 1878 1221 1928 Amphitryonem‚
1254 1879 1489 1927 Asinariam,
1521 1880 1780 1927 Aululariam,

283 1947 467 1995 Captivos
496 1959 619 1995 usque
657 1945 707 1982 ad
737 1959 773 1982 v.
809 1946 908 1993 362,
949 1946 1156 1984 duodecim
1193 1948 1453 1996 posteriores,
1497 1947 1621 1984 codex
1664 1959 1782 1984 mem-

282 2014 496 2051 branaceus
538 2013 680 2050 saeculo
711 2012 788 2049 XII
825 2015 975 2063 magnis
1014 2014 1160 2051 litteris
1198 2016 1293 2052 satis
1332 2014 1431 2052 bene
1472 2014 1664 2063 scriptus3
1711 2014 1783 2051 sed

282 2082 445 2119 meliora
468 2084 507 2117 et
529 2080 713 2117 uberiora
737 2081 912 2117 subsidia
935 2082 1053 2118 etiam
1076 2085 1160 2118 tum
1182 2082 1223 2119 in
1240 2081 1449 2119 Germania
1464 2082 1655 2120 latebant.
1687 2083 1782 2120 Haec

282 2148 452 2198 protulit
480 2147 707 2185 Joaehimus
738 2148 984 2185 Camerarius
1025 2147 1189 2196 (1552),
1233 2150 1301 2199 qui
1341 2149 1495 2187 duobus
1534 2150 1782 2199 potissimum

282 2215 393 2252 libris
416 2228 508 2252 usus
533 2218 601 2261 esb,
627 2215 751 2252 altero
776 2215 908 2252 saeculi
930 2215 999 2262 XI,
1025 2219 1070 2252 ut
1093 2217 1262 2264 videtur,
1289 2231 1405 2267 quem
1435 2218 1519 2267 ipse
1556 2215 1777 2265 „veterem“

282 2282 511 2332 appellabat
542 2280 706 2329 (Ritsch.
735 2279 796 2329 B),
830 2283 897 2331 qui
928 2295 1060 2320 omnes
1090 2284 1167 2321 XX
1196 2285 1350 2322 fabulas
1382 2286 1621 2332 continebat,
1654 2286 1780 2323 altero

282 2349 358 2387 XII
404 2350 535 2387 saeculi
577 2347 742 2397 (Ritsch.
776 2347 857 2396 C.),
899 2352 966 2400 qui
1003 2352 1108 2388 solas
1145 2352 1223 2389 XII
1260 2353 1501 2401 posteriores
1548 2353 1781 2402 complecte-

281 2417 412 2464 batur,
444 2417 547 2454 unde
576 2415 870 2463 „decurtatum“
901 2419 1162 2467 appellarunt.
1209 2420 1279 2457 His
1304 2421 1491 2457 subsidiis
1515 2422 1629 2458 nixus
1646 2420 1780 2458 Came·

282 2485 427 2531 rarius,
466 2485 527 2521 vir
564 2484 718 2521 subtilis
756 2485 921 2533 ingenii,
962 2499 1049 2523 eum
1086 2489 1238 2524 textum
1275 2488 1408 2525 Plauti
1447 2489 1671 2535 constissuit,
1712 2487 1782 2537 qui

282 2552 417 2600 paucis
447 2552 609 2588 mutatis
640 2565 764 2601 usque
795 2553 845 2589 ad
875 2556 1050 2590 nostrum
1078 2555 1262 2591 sacculum
1287 2555 1455 2593 duravit.
1501 2556 1645 2592 Iisdem
1676 2556 1779 2592 enim

373 2724 507 2747 nomen
527 2726 570 2747 cx
589 2714 752 2749 Terentii
778 2716 884 2751 libris
908 2717 1050 2751 librarii
1076 2721 1140 2752 auh
1164 2719 1234 2753 viri
1259 2719 1360 2754 docti
1385 2719 1540 2753 alicuius
1566 2719 1779 2765 couiectura

374 2780 416 2803 eo
455 2769 501 2803 sit
536 2770 690 2805 illatum.
740 2771 790 2806 Cf.
819 2772 1075 2808 Studemundii
1107 2774 1308 2819 Festgruss
1346 2787 1409 2810 aus
1436 2776 1642 2819 Wiirzburg
1679 2776 1778 2818 1868,

373 2837 408 2870 p.
433 2827 475 2860 39
502 2838 554 2870 sq.
