1926 3275
720 290 999 334 Prolegomena.
1530 294 1553 331 2
1562 294 1610 332 19

110 421 285 470 religiosi
321 421 362 457 in
402 420 539 458 ordine
578 419 790 457 verborum
830 433 991 470 prorsus
1030 419 1271 469 negligentes
1307 419 1467 456 fuerint.
1529 419 1613 456 Hoc

110 502 267 538 quoque
307 488 717 535 animadverte-ndum,
759 501 844 537 quae
882 488 995 526 nobis
1033 488 1138 524 lenia
1176 487 1406 533 videantur,
1449 487 1613 524 fortasse

110 557 284 606 antiquis
322 558 458 606 gravia
495 558 580 593 visa
620 569 723 602 esse;
763 570 834 593 nec
874 557 976 593 enim
1014 559 1097 592 tam
1135 556 1247 605 gnari
1287 568 1420 591 sumus
1458 555 1613 603 antiqui

109 625 318 670 sermonis,
360 638 475 674 quem
514 624 700 672 legendo,
737 637 815 661 non
853 624 1049 661 audiendo
1088 625 1359 673 cognovimus,
1399 626 1463 669 ut,
1498 622 1612 671 quid-

110 692 204 742 quid
242 692 357 729 nobis
397 693 572 742 placeat,
605 694 742 742 utique
774 693 852 729 illis
884 693 1002 729 etiam
1032 692 1226 741 placuisse
1259 691 1455 728 affirmare
1488 691 1612 740 possi-

109 774 205 798 mus.
281 761 362 798 Nos
414 774 508 798 vero
559 774 639 798 non
688 761 873 798 Plautum
925 760 1077 797 hiatum
1129 762 1170 796 in
1225 760 1375 796 deliciis
1428 759 1612 796 habuisse

110 842 331 876 censemus,
372 829 441 866 sed
478 842 555 865 non
594 833 676 866 tam
717 829 914 878 elegantes
954 842 1068 865 aures
1105 828 1289 865 habuisse
1331 841 1448 877 quam
1479 831 1612 876 poste-

108 898 254 943 riores,
309 901 348 934 et
401 910 532 947 quum·
567 898 629 933 vel
673 898 713 933 in
762 898 878 934 certis
926 910 1112 933 versuum
1161 897 1257 933 locis
1302 896 1365 933 vel
1410 897 1449 932 in
1496 896 1612 932 certis

108 979 250 1003 vocum
282 969 321 1002 et
353 965 593 1014 syllabarum
625 965 834 1013 generibus
860 966 942 1001 sine
966 977 1109 1012 magna
1134 965 1348 1002 offensione
1371 965 1472 1001 hiari
1497 977 1612 1013 posse

109 1033 474 1080 animadvertisset,
514 1034 584 1070 hos
623 1047 780 1083 quoque
819 1035 1009 1070 terminos
1041 1033 1242 1070 interdum
1274 1034 1473 1082 migrasse.
1535 1031 1612 1069 Sed

109 1106 319 1152 antequam
365 1103 652 1148 examinamus,
702 1114 880 1151 quaenam
927 1102 1106 1138 hiatuum
1151 1115 1295 1150 genera
1332 1104 1498 1150 propter
1537 1101 1611 1137 fre-

110 1171 313 1221 quentiam
342 1170 483 1207 Plauto
525 1171 636 1220 quasi
674 1171 851 1219 legitima
880 1170 1008 1207 videri
1038 1171 1211 1220 possint,
1243 1183 1369 1219 pauca
1401 1169 1447 1206 de
1478 1169 1611 1206 hiatus

108 1242 254 1276 natura
284 1239 325 1275 in
354 1240 581 1276 universum
611 1238 815 1288 praefanda
846 1242 948 1275 sunt.

222 1299 428 1344 Vocalium
461 1320 673 1344 concursus
712 1320 760 1343 ne
799 1307 970 1343 hiulcum
1013 1320 1149 1343 sonum
1180 1306 1338 1353 reddat,
1372 1307 1480 1343 intra
1511 1307 1611 1342 eius-

109 1376 197 1412 dem
236 1377 344 1413 vocis
383 1375 571 1412 ambitum
611 1376 779 1424 synizesi
827 1376 970 1412 evitari
1017 1388 1138 1425 supra
1184 1375 1372 1421 vidimus,
1421 1374 1489 1411 sed
1528 1374 1612 1411 haec

109 1445 337 1481 contractio
367 1445 407 1480 in
446 1444 532 1480 aliis
571 1457 650 1480 non
691 1447 752 1480 est
791 1445 1029 1490 necessaria,
1070 1444 1179 1480 velut
1210 1447 1249 1480 et
1286 1441 1534 1492 „prehendo“
1572 1445 1611 1479 et

114 1510 328 1561 „prendo“,
362 1515 401 1548 et
436 1510 579 1557 „mihi“
609 1515 647 1549 et
676 1510 775 1558 „mi“
804 1512 958 1558 dicitur,
986 1513 1025 1548 in
1050 1512 1137 1549 aliis
1164 1526 1212 1549 ne
1235 1512 1412 1561 legitima
1436 1511 1608 1560 quidem,

108 1583 153 1617 ut
187 1581 386 1626 „introire‚
420 1581 633 1626 circumire,
663 1581 941 1628 circumagere,
971 1580 1193 1617 cohibere‘ss
1241 1580 1452 1617 Vocabulis
1477 1583 1609 1616 autem

109 1648 263 1685 duobus
293 1648 364 1685 tali
394 1649 547 1685 ratione
574 1648 896 1685 concurrentibus
928 1648 1091 1685 excultae
1124 1649 1314 1685 orationis
1345 1649 1408 1684 lex
1441 1647 1611 1697 distrahi

108 1716 262 1753 vocales
292 1719 413 1753 vetat.
476 1717 552 1752 Per
583 1729 685 1762 eam,
720 1729 805 1765 quae
836 1720 919 1752 tum
950 1715 1006 1762 fit,
1040 1716 1292 1765 synaloephen
1322 1717 1434 1765 prior
1464 1706 1610 1752 vocalis

108 1785 164 1820 ita
194 1785 233 1821 in
264 1785 521 1833 posteriorem
557 1784 656 1829 abit,
688 1787 732 1821 ut
763 1785 877 1821 huius
910 1786 1109 1834 quantitas
1142 1788 1310 1831 maneat,
1344 1787 1383 1821 et
1415 1785 1447 1820 si
1478 1783 1609 1820 brevis

108 1852 255 1889 vocalis
279 1853 436 1901 longam
464 1857 662 1901 sequatur,
697 1853 794 1889 elisa
823 1853 942 1900 longa
973 1853 1104 1890 brevis
1136 1853 1286 1901 syllaba
1315 1852 1607 1902 pronuntietur.

108 1920 189 1957 Nec
242 1924 372 1957 tamen
425 1922 536 1970 prior
581 1921 727 1958 vocalis
775 1922 933 1958 omnino
980 1922 1200 1967 omittitur,
1249 1921 1318 1957 sed
1363 1921 1607 1958 obscuratur.

109 1988 237 2025 Testis
278 1992 337 2025 est
368 1988 518 2025 Gellius
548 1989 664 2035 XIII,
701 1990 771 2035 21,
807 1990 848 2035 6,
891 1990 957 2038 qui
995 1990 1035 2026 in
1066 1989 1232 2036 Vergilii
1271 2002 1387 2026 versu
1429 1989 1609 2035 „Turrim

108 2056 148 2092 in
185 2057 382 2106 praecipiti
421 2056 612 2094 stantem“
662 2071 741 2094 non
787 2057 932 2094 nullius
972 2057 1159 2094 momenti
1198 2070 1280 2093 esse
1321 2057 1437 2103 dicit,
1477 2060 1610 2093 utrum

114 2123 301 2170 „turrim“
339 2137 388 2161 an
425 2123 620 2170 „turrem“
656 2125 822 2173 legatur.
877 2124 991 2171 Quod
1022 2126 1054 2162 si
1085 2125 1310 2174 synaloephe
1342 2138 1420 2162 non
1451 2123 1507 2171 fit,
1541 2124 1609 2161 sed

109 2192 279 2241 scriptor
324 2192 473 2229 hiatum
518 2193 740 2242 relinquere
788 2193 926 2239 audet,
968 2193 1007 2229 id
1046 2197 1178 2230 tamen
1217 2192 1371 2230 efficere
1411 2193 1511 2230 solet
1548 2193 1609 2229 vel

108 2259 277 2296 iambica
308 2262 413 2297 vocis
438 2261 563 2297 forma
596 2259 648 2307 (v.
676 2275 795 2310 supra
817 2275 854 2309 p.
876 2259 974 2307 206)
1006 2262 1068 2298 vel
1100 2263 1185 2311 ipsa
1216 2261 1409 2298 vocalium
1441 2261 1606 2306 collisio,

107 2331 152 2364 ut
190 2329 298 2377 prior
335 2329 501 2374 vocalis,
542 2330 573 2365 si
610 2329 731 2375 longa
761 2330 830 2375 sit,
864 2330 1122 2378 corripiatur3
1156 2331 1279 2378 magis
1311 2330 1413 2366 enim
1446 2328 1610 2365 offendit

108 2396 260 2442 hiatus,
301 2397 332 2432 si
371 2397 516 2433 vocalis
555 2397 670 2445 longa
710 2400 852 2433 manet.
915 2397 1041 2433 Huius
1079 2398 1186 2443 vitii,
1220 2399 1253 2433 si
1285 2411 1361 2434 non
1392 2397 1534 2442 multa,
1568 2400 1609 2433 at

109 2464 241 2513 aliqua
280 2465 457 2513 exempla
495 2464 555 2500 vel
596 2464 701 2512 apud
740 2466 869 2513 epicos
908 2469 1044 2513 poetas
1084 2469 1238 2511 extant3
1281 2465 1385 2515 apud
1425 2464 1607 2501 Plautum

110 2532 269 2581 quidem
295 2533 462 2569 maxime
486 2533 526 2568 in
550 2533 736 2581 prologis,
763 2536 805 2569 ut
827 2532 916 2569 Aul.
945 2534 986 2569 5:
1021 2534 1147 2583 „patri
1175 2535 1367 2583 auoque&
1402 2532 1511 2582 Capt.
1536 2533 1604 2569 10:

114 2599 246 2645 „Patri
278 2599 478 2637 huiusce“.
533 2600 639 2636 Poen.
678 2601 776 2637 120:
815 2602 945 2650 „patri
977 2600 1158 2650 hospes“.
1206 2601 1306 2638 Rud.
1342 2602 1384 2637 7:
1424 2600 1606 2646 „ambulo

108 2666 344 2705 interdius“.
407 2667 482 2705 Sed
526 2668 644 2704 etiam
678 2667 799 2704 Stich.
835 2669 934 2706 220:
987 2670 1111 2715 „fame
1158 2671 1380 2706 emortuus‘*
1433 2672 1471 2704 et
1518 2672 1606 2704 ante

109 2748 324 2783 pronomen
357 2736 405 2772 ab
437 2732 463 2772 h
494 2737 683 2784 incipiens
707 2736 815 2773 Asin.
837 2738 937 2773 376:
974 2741 1039 2775 ..tu
1065 2736 1206 2774 hunc‘⁴.
1249 2737 1358 2785 Capt.
1386 2737 1486 2773 442:
1526 2736 1605 2781 .,Tu

107 2801 221 2840 hoc‘⁴.
265 2803 405 2840 Pseud.
442 2805 512 2841 33:
550 2807 616 2849 „tu
649 2803 777 2841 hinc“.
825 2804 919 2842 Cist.
956 2806 1054 2842 522:
1093 2806 1211 2854 „quoi
1242 2803 1363 2842 liaec“.
1411 2804 1524 2841 Truc.
1560 2806 1603 2841 9:

114 2884 215 2919 „qua
246 2870 360 2908 huc“.
410 2872 581 2907 Pessime
613 2885 750 2909 sonare
790 2873 946 2910 easdem
984 2873 1142 2910 vocales
1175 2874 1279 2910 inter
1310 2887 1349 2909 se
1382 2874 1605 2909 commissas

110 2938 374 2984 Quintilianus
405 2939 480 2985 IX,
515 2940 558 2987 4,
594 2941 642 2977 33
676 2944 857 2978 testatur.
918 2941 963 2978 In
1001 2941 1128 2979 medio
1159 2941 1350 2979 vocabulo
1382 2942 1444 2978 hic
1475 2942 1604 2978 hiatus
