1926 3275
774 346 816 380 V.
841 347 1031 381 480—501.
1569 351 1649 390 397

156 479 252 515 491.
284 473 433 526 Lupus
467 475 527 514 est
562 472 682 514 homo
720 473 876 514 homini
906 480 977 514 etc.
1039 476 1123 514 Hoc
1159 476 1370 527 proverbio
1410 475 1650 526 significatur

156 546 293 593 ignoto
324 545 476 583 homini
507 557 584 582 non
610 545 735 593 magis
762 558 878 594 quam
901 544 994 594 lupo
1019 544 1256 581 eredendum
1282 557 1377 582 esse.
1411 544 1503 591 Quae
1530 558 1650 594 quum

157 613 370 650 excusandi
409 626 523 650 causa
562 611 719 659 afferat,
759 612 819 649 his
859 613 995 649 statim
1027 613 1195 663 arreptis
1228 612 1423 650 Leonidas
1455 626 1543 650 eum
1574 613 1650 650 iam

157 679 219 729 (V.
253 679 352 729 492)
393 681 468 718 sibi
504 677 685 719 secunda
722 676 860 728 facere
898 680 1014 728 dicit,
1056 681 1080 717 i.
1115 694 1146 717 e.
1179 679 1468 727 obsecunda-re,
1509 684 1552 717 ut
1597 682 1650 718 ait

156 750 312 787 Terent.
344 749 487 786 Heaut.
523 750 616 786 827.
662 748 736 786 Ad.
771 749 872 795 994,
912 752 979 786 aut
1023 748 1165 795 „verba
1204 748 1373 786 secunda
1411 747 1559 798 loqui“,
1606 753 1649 786 ut

157 817 269 856 Ovid.
287 818 372 854 Art.
390 817 419 863 I,
441 818 533 863 586,
565 820 635 854 aut
670 816 882 864 „secundas
907 814 1063 865 agere“‚
1089 820 1131 854 ut
1157 816 1300 854 Seneca
1326 816 1372 854 de
1389 817 1453 853 Ira
1469 816 1538 863 III⁷
1558 818 1592 864 S,
1614 818 1649 854 6.

156 906 211 910 —-
241 882 335 923 kuic
366 881 558 933 capitulo,
589 884 680 922 huic
712 885 842 934 capiti,
875 885 984 921 mihi.
1009 905 1066 910 —-
1090 886 1184 922 493.
1214 885 1458 935 Quamquam
1490 885 1651 921 sordida

155 957 277 1000 veste,
310 954 451 1002 inquit,
483 952 646 990 indutus
678 966 774 999 sum,
807 956 938 989 tamen
969 953 1074 1001 frugi
1101 966 1184 990 sum
1211 957 1260 999 et,
1286 957 1328 989 ut
1353 953 1472 990 talem
1497 966 1650 990 servum

156 1021 280 1068 decet,
313 1021 524 1058 maximum
551 1021 748 1070 peculium
774 1021 914 1058 habeo.
963 1020 1142 1058 Ceterum
1175 1021 1281 1070 quod
1312 1021 1508 1070 peculium
1540 1035 1651 1058 suum

156 1089 377 1127 enumerari
411 1101 526 1139 posse
564 1092 699 1138 negat,
732 1102 819 1125 cum
851 1089 932 1126 risu
964 1088 1240 1139 adprobabunt
1281 1092 1542 1138 spectatores,
1585 1090 1651 1138 qui

156 1157 308 1195 nullum
346 1170 428 1194 esse
466 1159 607 1194 sciunt.
639 1176 696 1181 —
726 1158 820 1200 495.
853 1157 997 1194 Versus
1028 1158 1130 1194 iusto
1169 1157 1334 1206 longior.
1396 1156 1651 1206 Antiquiores

158 1225 248 1262 edd.
281 1239 364 1263 voc.
399 1222 515 1263 diues
545 1226 585 1262 in
616 1229 842 1275 sequentem
883 1239 1038 1262 versum
1079 1223 1392 1271 transferebant,
1434 1238 1511 1274 quo
1550 1225 1652 1262 facto

156 1294 258 1331 hunc
288 1293 602 1343 corrumpebant.
664 1293 782 1331 Both.
814 1293 874 1330 Fl.
906 1307 942 1330 v.
977 1291 1064 1331 dico
1097 1293 1328 1338 omiserunt3
1369 1292 1436 1329 sed
1466 1306 1514 1330 ne
1545 1304 1654 1330 mnes:

157 1361 316 1412 quidem
361 1375 496 1399 sanum
542 1361 709 1399 videtur.
770 1361 855 1411 Ego
893 1364 1104 1411 utrumque
1142 1360 1304 1398 verbum
1343 1373 1390 1397 ex
1430 1357 1548 1399 hodie
1587 1366 1651 1398 aut

162 1430 258 1475 „hoc
284 1428 370 1467 die“
401 1434 531 1467 ortum
555 1431 706 1480 putavi.
732 1450 787 1455 —
811 1426 972 1477 Rhodo,
1004 1443 1055 1467 sc.
1088 1429 1310 1479 profectum
1339 1429 1401 1466 vel
1433 1429 1650 1476 oriundum,

157 1498 369 1545 Rhodium,
395 1498 580 1535 cf.Merc.
601 1500 701 1536 929:
740 1497 892 1545 „Uideo
924 1498 980 1535 ibi
1010 1498 1205 1548 hospitem
1230 1496 1469 1546 Zacyntho“.
1514 1497 1650 1535 Bacch.

159 1568 259 1604 227:
283 1566 464 1616 „Epheso
480 1565 665 1616 hospes“.
683 1566 788 1604 Poen.
810 1568 910 1604 999:
935 1566 1191 1613 „Hannonem
1209 1579 1292 1602 sese
1311 1567 1367 1602 ait
1377 1564 1650 1615 Ca1·thagine“.

158 1635 252 1673 Caes.
278 1635 322 1672 B.
349 1634 431 1673 Civ.
452 1635 481 1681 I,
502 1636 574 1672 24:
607 1634 676 1682 „N.
702 1634 859 1683 Magius
883 1631 1097 1672 Cremona“
1125 1634 1174 1671 al.
1199 1654 1255 1658 —
1280 1634 1374 1671 497.
1402 1630 1656 1671 IVzcmeram'z‘

157 1704 296 1754 scripsi
337 1717 420 1740 cum
452 1703 593 1740 Bothio
631 1716 767 1740 versus
808 1716 946 1749 causa,
981 1703 1124 1739 omissa
1153 1702 1452 1752 praepositione,
1491 1715 1575 1750 quae
1608 1715 1653 1737 ex

156 1773 273 1809 initio
305 1758 576 1809 antecedentis
607 1784 744 1809 versus
776 1771 876 1808 male
907 1771 1078 1821 repetito
1103 1770 1197 1807 oriri
1221 1770 1363 1819 potuit.
1410 1769 1562 1806 Deinde
1595 1770 1656 1806 est

158 1840 293 1877 addidi
326 1853 372 1877 ex
403 1839 529 1877 Reizii
568 1840 803 1877 coniectura.
864 1839 923 1876 Fl.
957 1838 1038 1876 ed.:
1077 1837 1384 1885 „Adnumerauit
1415 1840 1452 1874 et
1485 1836 1652 1874 credidit

159 1908 256 1945 mihi
286 1921 412 1958 neque
444 1908 650 1957 deceptust
682 1909 723 1945 in
754 1906 837 1944 eo‘''.
868 1927 914 1931 -
944 1908 1037 1944 499.
1067 1902 1140 1944 Me
1165 1919 1329 1956 pravum
1361 1919 1442 1942 esse
1475 1909 1651 1955 apparet,

158 1989 248 2013 nam
278 1977 507 2026 percontari
545 1976 715 2026 aliquem
754 1978 813 2013 est
850 1988 1024 2025 quaerere
1064 1988 1110 2012 ex
1149 1975 1300 2024 aliquo,
1333 1987 1368 2010 v.
1405 1975 1496 2011 340.
1557 1973 1653 2010 For-

158 2048 264 2082 tasse
297 2057 341 2081 ex
372 2057 547 2094 personae
579 2047 674 2081 nota
706 2043 974 2081 antecedentis
1004 2056 1140 2080 versus
1172 2046 1299 2079 ortum
1330 2046 1400 2078 est.
1450 2038 1560 2091 quod
1582 2054 1654 2091 pro

164 2126 266 2162 „quo
298 2111 363 2150 id“
399 2113 476 2149 iam
508 2114 547 2149 in
580 2112 690 2150 codd.
725 2111 985 2149 emendatum.
1019 2132 1073 2136 —
1104 2107 1235 2149 Haud
1262 2107 1491 2160 myassim,
1526 2124 1554 2146 s.
1588 2124 1652 2146 no-

160 2181 352 2229 gawrim,
393 2180 529 2218 eodem
568 2194 702 2227 sensu,
744 2193 821 2230 quo
861 2184 975 2217 antea
1007 2180 1148 2229 saepius
1185 2176 1416 2225 „Fortasse“
1454 2178 1565 2215 dixit.
1598 2198 1652 2202 —

159 2248 231 2285 His
263 2248 377 2286 dictis
408 2253 600 2286 mercator
639 2252 678 2286 et
709 2249 811 2285 servi
849 2248 898 2285 ad
936 2248 1064 2285 forum
1107 2247 1269 2293 abeunt,
1311 2250 1353 2283 ut
1386 2245 1653 2283 Demzenetum

160 2320 349 2366 quaerant.

278 2523 369 2559 500.
402 2521 557 2558 Exeunt
589 2520 770 2557 Cleareta
808 2519 895 2556 lena
931 2523 968 2555 et
1000 2518 1079 2555 filia
1115 2520 1208 2555 eius.
1270 2519 1493 2555 Trochaicis
1526 2523 1652 2567 septe-

161 2589 283 2626 uariis
323 2589 618 2638 colloquuntur,
665 2591 782 2637 atque
830 2586 928 2624 adeo
976 2586 1227 2623 altercantur.
1268 2607 1322 2610 ⁷—
1365 2584 1430 2623 {cd
1469 2590 1573 2623 extat
1615 2587 1653 2622 in

163 2657 247 2695 cod.
280 2657 333 2704 D,
374 2657 452 2694 vid.
485 2656 634 2693 Ritsch.
667 2655 714 2692 N.
748 2654 840 2691 Exc.
874 2669 911 2704 p.
948 2655 1011 2691 26.
1045 2674 1100 2680 —
1130 2654 1384 2692 man-suctum!
1429 2654 1560 2700 codd„
1594 2654 1652 2690 Fl.

167 2723 454 2771 ,‚mansueten1“
491 2728 535 2761 ut
565 2738 599 2761 v.
638 2724 727 2760 144.
760 2743 815 2747 —
849 2724 940 2760 501.
974 2723 1052 2769 An,
1087 2723 1233 2771 inquit,
1275 2738 1318 2759 co
1360 2723 1487 2759 animo
1521 2738 1578 2768 cs,
1614 2727 1652 2758 ut

163 2793 302 2830 matris
340 2792 504 2842 imperio
542 2796 580 2828 te
616 2791 780 2836 eximam,
815 2791 952 2827 matris
985 2791 1191 2839 imperium
1226 2805 1299 2826 non
1333 2790 1469 2827 cures?
1503 2790 1576 2826 Pro
1613 2791 1654 2826 nl

165 2857 237 2909 qm'
273 2859 385 2897 Both.
431 2864 497 2906 „ut
537 2857 645 2909 quae“
696 2858 833 2896 edidit.
895 2858 935 2896 Si
981 2858 1075 2908 quid
1121 2857 1349 2895 mutandum
1397 2862 1473 2904 est,
1521 2859 1652 2908 potius

164 2928 341 2965 deleatur
377 2925 513 2977 „qui“;
547 2941 636 2964 nam
668 2927 740 2963 hoc
773 2926 929 2976 quidem
962 2931 1134 2976 apparet,
1169 2927 1373 2963 sentcntiae
1410 2939 1521 2963 causa
1560 2924 1648 2972 ‚,ut“
