1926 3275
136 281 200 326 IV,
217 284 247 326 1,
261 282 385 326 51-2,
400 283 422 316 ’7
812 280 992 314 Asinaria.
1565 288 1644 328 127

194 406 320 459 Quod
348 407 427 449 illa
458 409 605 448 autem
636 405 821 458 simulet,
853 407 978 459 quasi
1009 406 1202 460 grauedo
1234 407 1438 462 profluat,

192 479 289 521 Hoc
319 493 374 520 ne
405 479 468 520 sic
497 478 656 531 faciat3
689 482 738 520 tu
767 477 975 519 labellum
1007 478 1260 533 abstergeas
1576 483 1644 517 790

191 550 343 593 Potius
375 564 504 605 quam
535 550 774 605 quoiquam
805 550 975 591 sauium
1005 549 1140 592 faciat
1169 551 1329 604 palam.

191 622 283 664 Nec
312 625 455 664 mater
485 622 587 664 lena
618 622 674 664 ad
704 622 855 663 uinum
887 621 1069 663 accedat
1099 622 1286 675 interim,

190 694 343 748 Neque
373 694 452 736 ulli
482 693 619 736 uerbo
651 693 765 735 male
797 692 936 744 dicat3
971 692 1007 733 si
1039 692 1208 746 dixerit,

191 765 314 807 Haec
344 766 484 808 multa
514 766 555 808 ei
586 769 693 818 esto,
724 765 826 807 uino
858 763 1015 818 uiginti
1048 765 1140 807 dies

190 836 250 879 Ut
281 836 458 879 careat.’

757 908 891 950 Diab
904 923 926 950 0
938 909 1020 951 lus

464 980 620 1022 Pulcre
652 980 847 1034 scripsti3
881 980 1040 1022 scitum
1071 981 1377 1035 syngraphum.
1575 989 1643 1024 '795

745 1051 1029 1093 Parasitus

189 1124 312 1166 ‘Tum
343 1124 380 1165 si
411 1137 608 1174 coronas,
639 1126 771 1175 serta,
801 1127 1026 1178 unguenta
1055 1123 1233 1166 iusserit

188 1195 407 1237 Ancillam
436 1194 550 1237 ferre
579 1194 742 1237 Ueneri
773 1199 850 1237 aut
882 1194 1098 1249 Cupidini,

187 1268 305 1309 Tuus
336 1281 486 1309 seruos
518 1271 676 1319 seruet,
706 1266 924 1309 Uenerine
957 1281 1032 1309 eas
1065 1267 1138 1309 det
1169 1281 1224 1309 an
1254 1269 1363 1310 uiro.

189 1338 235 1381 Si
263 1339 378 1381 forte
410 1352 517 1392 pure
547 1338 662 1379 uelle
692 1337 856 1380 habere
890 1339 1061 1390 dixerit,

188 1410 272 1453 Tot
302 1411 443 1452 noctis
473 1409 630 1451 reddat
661 1424 857 1464 spurcas,
890 1415 996 1463 quot
1026 1426 1134 1465 pure
1166 1411 1396 1454 habuerit.’
1572 1419 1641 1453 800

187 1482 310 1524 Haec
343 1486 444 1524 sunt
473 1496 562 1523 non
592 1495 754 1534 nugae3
787 1496 874 1523 non
907 1483 1020 1523 enim
1051 1483 1297 1525 mortualia.

756 1553 1019 1595 Diabolus

187 1624 370 1667 Placent
399 1625 597 1679 profecto
628 1625 767 1679 leges3
801 1639 981 1678 sequere
1012 1626 1142 1667 intro.

743 1696 1024 1739 Parasitus

1162 1769 1340 1824 Sequor.

400 2025 774 2068 ADULESCENS
806 2026 878 2067 ET
909 2024 1234 2068 PARASITUS.
1297 2026 1374 2067 DV

755 2128 1016 2170 Diabolus

189 2198 379 2253 Sequere
409 2197 504 2240 hac.
550 2199 701 2253 Egone
732 2200 842 2241 haec
873 2200 1018 2254 patiar
1049 2203 1126 2241 aut
1155 2200 1357 2241 taceam?
1387 2200 1538 2243 Emori

188 2270 258 2311 Me
289 2270 448 2322 malim,
481 2284 611 2323 quam
641 2271 750 2313 haec
778 2286 867 2313 non
898 2272 990 2313 eius
1021 2272 1146 2312 uxori
1176 2271 1376 2313 indicem.

187 2341 255 2383 An
284 2345 333 2383 tu
363 2341 480 2395 apud
511 2342 697 2384 amicam
727 2357 883 2384 munus
916 2343 1236 2384 adulescentuli
1569 2344 1637 2377 805

187 2412 401 2465 Fungare.
434 2413 559 2454 uxori
591 2427 772 2456 excuses
804 2419 846 2456 te
879 2418 922 2456 et
954 2414 1075 2456 dicas
1107 2414 1284 2455 senem?

187 2483 434 2538 Praeripias
465 2487 658 2525 scortum
690 2486 856 2526 amanti
888 2489 1020 2539 atque
1052 2490 1283 2538 argentum
1314 2484 1479 2527 obicias

188 2555 364 2596 Lenae?
395 2555 586 2609 suppiles
618 2556 730 2597 clam
760 2557 877 2598 domi
907 2570 1087 2598 uxorem
1117 2557 1267 2597 tuam?

190 2625 463 2680 suspendam
493 2627 638 2681 potius
670 2641 750 2679 me,
783 2642 916 2682 quam
946 2628 1085 2670 tacita
1114 2628 1224 2669 haec
1255 2627 1441 2670 auferas.

224 2795 291 2828 795
316 2795 465 2839 scriptis
547 2796 614 2829 800
638 2807 748 2840 puras
834 2796 882 2831 In
907 2797 1011 2832 titulo
1036 2796 1135 2831 DVO
1218 2797 1285 2831 805
1309 2796 1383 2831 Ain
1460 2798 1528 2831 808
1553 2808 1635 2841 sup-

132 2849 248 2894 pelles
334 2852 400 2885 809
426 2851 636 2896 Suspendas
696 2853 812 2886 tacita
836 2856 877 2886 tu
901 2853 981 2887 haec
