1926 3275
763 289 1044 334 Prolegomena.
1573 293 1625 332 22
1632 293 1655 331 3

154 423 293 456 ceterae
324 419 512 455 orationis
542 423 677 468 partes
717 432 803 456 cum
833 420 1025 467 proximis
1055 419 1218 456 vocibus
1248 419 1409 465 iunctae,
1443 419 1511 455 ubi
1541 433 1655 456 voca-

153 487 230 524 lem
260 487 408 524 vocalis
441 487 601 536 excipit,
636 487 838 524 elisionem
869 488 1090 536 patiantur,
1123 490 1258 523 tamen
1288 487 1512 534 interdum,
1545 488 1657 536 quasi

154 555 318 593 divulsae
358 568 381 592 a
417 554 572 603 reliquo
610 568 807 601 sermone,
847 555 960 592 hiatu
999 568 1021 591 a
1059 555 1249 604 proximis
1281 559 1530 604 separantur.
1591 555 1658 591 Fit

153 623 227 660 1100
257 624 425 660 maxime
455 624 497 659 in
526 623 819 671 monosyllabis,
852 626 897 660 ut
925 653 940 669 „
951 622 1012 669 ah,
1039 636 1099 669 au,
1126 635 1159 669 o,
1185 623 1274 669 heu,
1302 621 1402 670 em“,
1434 637 1470 660 v.
1496 623 1655 669 Mfiller,

153 705 192 741 p.
227 693 305 728 723
339 704 446 741 sqq.;
479 690 548 728 sed
579 692 698 728 etiam
733 689 954 740 ,‚Eugepae“
990 690 1104 740 Capt.
1139 691 1231 727 815.

267 759 329 796 Ab
359 759 433 796 1100
465 771 543 795 non
573 759 742 796 multum
774 759 971 806 abhorret,
1006 758 1111 808 quod
1134 760 1256 795 etiam
1280 762 1371 808 post
1396 759 1657 796 vocativos

154 827 353 864 interdum
383 827 528 873 hiatur,
561 841 596 864 v.
623 827 766 875 Amph.
799 828 925 864 1097:
958 827 1207 876 Amphitruo.
1259 826 1326 863 As.
1361 827 1462 864 609:
1494 826 1656 864 Libane.

155 895 260 931 Men.
294 896 397 932 423:
440 895 653 932 Messenio.
714 895 800 931 Mil.
838 896 965 932 1319:
1008 895 1352 932 Philocomasium.
1413 894 1520 932 Pers.
1556 895 1656 932 616:

155 963 288 1012 Virgo.
351 962 472 1000 Stich.
506 964 607 1000 466:
640 962 873 1012 Epignome.
935 962 1050 1000 Truc.
1086 964 1186 1000 328:
1219 963 1471 1012 Astaphium.

270 1030 348 1068 Sed
390 1031 580 1068 latissime
620 1035 733 1080 patet
772 1044 818 1068 ea
856 1032 936 1068 sive
977 1031 1041 1068 lex
1079 1032 1162 1081 sine
1203 1032 1382 1080 exceptio
1422 1031 1539 1080 legis,
1582 1044 1660 1080 qua

156 1099 322 1137 Plautus
363 1100 520 1136 omnino
558 1103 649 1148 post
685 1099 1031 1148 monosyllaba
1068 1099 1260 1136 vocabula
1305 1099 1460 1136 hiatum
1501 1099 1660 1136 concedi

156 1181 270 1217 posse
301 1168 477 1217 putavit,
510 1168 570 1203 ita
601 1167 779 1216 quidem,
812 1171 856 1204 ut
894 1167 1060 1213 vocalis,
1101 1168 1133 1203 si
1171 1167 1288 1216 longa
1318 1168 1387 1213 sit,
1423 1168 1661 1216 corripiatur

161 1233 267 1283 (vide
292 1249 412 1285 supra
434 1249 473 1285 p.
493 1236 586 1282 219,
619 1235 687 1272 ubi
719 1236 835 1272 etiam
868 1236 1119 1284 exceptiones
1151 1233 1400 1282 afferuntur).
1452 1235 1498 1271 Id
1527 1238 1661 1272 utrum

157 1304 454 1353 perspicuitatis
495 1316 615 1340 causa
652 1302 739 1349 fiat,
780 1317 828 1340 ne
860 1303 1072 1340 obscurata
1102 1317 1175 1352 per
1205 1303 1457 1352 synaloephen
1487 1316 1660 1352 pronun-

158 1373 325 1409 tiatione
355 1385 431 1409 vox
461 1372 574 1421 parvi
607 1372 778 1409 ambitus
809 1386 949 1422 parum
980 1372 1239 1419 intelligatur,
1275 1385 1324 1408 an
1354 1375 1522 1421 propter
1546 1371 1661 1408 aliam

159 1440 359 1490 quandam
399 1441 542 1488 linguae
578 1444 645 1477 aut
677 1441 867 1477 sermonis
908 1440 1123 1486 rationem,
1157 1439 1375 1476 diiudicare
1406 1453 1486 1477 non
1518 1439 1659 1476 audeo.

160 1509 275 1555 Quod
306 1512 450 1556 autem,
485 1510 552 1558 qui
582 1510 732 1558 primus
763 1508 863 1545 hanc
894 1508 1021 1557 legem
1052 1509 1270 1558 proposuit,
1298 1508 1501 1544 Bentleius
1528 1506 1660 1555 (Sche-

160 1577 298 1614 diasm.
324 1575 344 1624 §
372 1575 427 1624 8),
462 1577 573 1614 addit
602 1578 673 1614 1100
704 1577 790 1614 fieri
825 1578 889 1623 „in
918 1577 1053 1626 priore
1077 1576 1229 1624 syllaba
1252 1576 1392 1613 solutae
1417 1577 1527 1622 arsis,
1552 1579 1597 1612 ut
1619 1575 1661 1611 se

160 1649 257 1692 erat,
284 1646 399 1694 quem
424 1644 570 1692 amat“‚
595 1646 638 1683 id
660 1659 800 1695 parum
826 1648 1050 1681 accuratum
1075 1647 1154 1690 est3
1180 1657 1270 1680 nam
1293 1643 1337 1680 fit
1354 1645 1472 1680 etiam
1487 1644 1528 1680 in
1544 1644 1659 1690 thesi,

161 1727 279 1763 quam
311 1714 418 1760 dicit,
452 1714 534 1750 sive
564 1714 605 1750 in
635 1714 784 1750 leviore
809 1713 923 1762 pedis
949 1716 1076 1761 parte.
1123 1711 1209 1749 Hoc
1239 1711 1390 1761 liquido
1423 1715 1590 1761 apparet
1620 1713 1661 1748 in

161 1782 430 1831 anapaesticis3
462 1783 503 1818 in
533 1781 712 1819 iambicis
744 1785 783 1818 et
813 1781 1036 1827 trochaicis,
1070 1781 1103 1817 si
1134 1780 1260 1817 levior
1281 1780 1394 1829 pedis
1419 1793 1511 1829 pars
1542 1780 1662 1827 bisyl-

161 1849 251 1887 laba
282 1853 340 1887 est
373 1847 497 1896 (velut
532 1863 604 1895 „ne
636 1861 707 1897 ego
738 1847 868 1895 hie“)‚
902 1862 979 1885 non
1012 1852 1199 1897 apparet,
1233 1849 1421 1897 quoniam
1458 1848 1567 1884 nullo
1599 1861 1662 1884 ex-

161 1909 274 1955 terno
306 1919 418 1965 signo
448 1918 657 1964 indicatur,
690 1920 823 1954 utrum
853 1930 931 1954 una
963 1930 1012 1953 an
1043 1915 1128 1952 duae
1162 1916 1322 1964 syllabae
1358 1915 1663 1964 pronuntiandae

163 1987 260 2032 sint;
299 1999 391 2023 nam
431 1986 664 2023 Latinorum
711 1986 874 2022 licentia
918 1988 999 2021 tam
1041 1987 1283 2032 anapaestum
1322 1997 1439 2032 quam
1478 1983 1661 2029 iambum,

162 2057 243 2091 tam
290 2054 491 2103 dactylum
538 2068 655 2104 quam
699 2054 915 2091 trochaeum
954 2053 993 2089 in
1031 2052 1091 2088 his
1128 2052 1224 2088 locis
1262 2052 1350 2088 fert.
1413 2051 1488 2088 Sed
1530 2054 1666 2088 extant

165 2123 283 2159 etiam
316 2123 493 2171 exempla
523 2122 598 2159 huc
629 2122 891 2171 pertinentia,
924 2120 991 2158 ubi
1022 2120 1148 2157 levior
1186 2120 1299 2168 pedis
1338 2133 1430 2169 pars
1469 2119 1664 2168 monosyl-

163 2189 255 2227 laba
286 2190 348 2227 sit.
409 2190 547 2239 Neque
577 2190 650 2227 hoc
681 2190 912 2227 Fleckeisen
950 2202 1028 2226 non
1068 2187 1369 2234 animadvertit,
1403 2188 1471 2236 qui
1505 2185 1663 2234 (Annal.

164 2257 248 2304 LX,
276 2271 314 2306 p.
340 2258 392 2295 49
421 2255 525 2306 sqq.)
559 2258 708 2295 hiatum
740 2261 831 2307 post
863 2256 1135 2305 monosyllaba
1166 2257 1323 2293 omnino
1360 2259 1475 2302 „ante
1506 2255 1666 2292 brevem

165 2324 366 2363 vocalem“'
402 2325 600 2372 concedit,
633 2326 657 2362 i.
691 2339 723 2362 e.
756 2339 835 2363 non
866 2325 1011 2371 solum,
1051 2327 1096 2361 ut
1134 2325 1190 2361 ait
1220 2324 1442 2369 Bentleius,
1487 2324 1550 2369 „in
1589 2323 1667 2359 arsi

166 2391 340 2440 soluta“,
387 2392 456 2430 sed
501 2394 621 2429 etiam
670 2394 734 2439 „in
778 2394 880 2430 thesi
926 2396 1015 2431 ante
1062 2392 1167 2429 arsin
1213 2390 1422 2437 solutam“,
1467 2394 1513 2427 ut
1555 2403 1666 2435 „cum

167 2459 284 2498 alio“.
346 2460 492 2498 Verum
532 2474 580 2497 ne
619 2461 694 2497 hoc
732 2460 890 2509 quidem
921 2461 1016 2497 satis
1048 2463 1275 2496 accuratum
1306 2463 1384 2505 est,
1418 2461 1462 2495 ut
1493 2457 1667 2495 ostendit

168 2528 337 2579 Spengel
367 2542 405 2578 p.
441 2529 542 2575 2103
573 2542 664 2565 nam
694 2529 894 2565 invenitur
924 2527 1055 2564 hiatus
1088 2527 1278 2564 eiusmodi
1311 2528 1431 2563 etiam
1462 2529 1552 2563 ante
1583 2526 1666 2562 lon-

169 2608 257 2644 gam
288 2596 478 2646 syllabam
509 2610 586 2633 non
619 2596 747 2633 soluta
775 2597 958 2645 graviore
981 2596 1151 2644 proximi
1175 2594 1288 2644 pedis
1312 2599 1437 2643 parte,
1462 2598 1507 2631 ut
1523 2594 1665 2642 Amph.

172 2665 270 2702 507:
303 2668 342 2701 te
365 2664 706 2713 Amphitruonem.
757 2665 856 2700 548:
891 2677 1007 2712 quam
1039 2663 1088 2700 ob
1120 2676 1214 2699 rem.
1264 2664 1362 2699 397:
1397 2675 1482 2700 cum
1506 2662 1667 2710 Amphi-

169 2735 324 2769 truone.
372 2733 472 2769 494:
508 2745 593 2769 cum
612 2732 840 2769 Alcumena.
890 2732 988 2768 967:
1022 2731 1062 2767 hi
1094 2731 1220 2768 ambo.
1269 2731 1370 2768 978:
1404 2731 1471 2779 qui
1497 2730 1665 2767 obuiam.

172 2800 272 2837 656:
304 2811 367 2838 me
398 2800 515 2837 haud.
558 2801 657 2837 805:
690 2803 730 2836 te
762 2799 891 2837 audio.
938 2799 1048 2835 Asin.
1078 2800 1177 2836 500:
1210 2802 1249 2836 te
1280 2798 1514 2836 interdictis.
1566 2798 1664 2833 574:

171 2881 233 2905 me
264 2881 359 2905 esse.
409 2868 508 2905 626:
541 2880 602 2905 me
634 2867 695 2904 ad.
744 2868 843 2905 691:
876 2870 957 2904 tam
988 2866 1205 2916 indignum.
1232 2886 1289 2892 —
1316 2866 1444 2912 Quare
1474 2866 1548 2902 1100
1578 2865 1667 2901 sim-

171 2935 330 2984 pliciter
360 2935 557 2973 affirmare
587 2936 701 2982 licet,
733 2939 828 2984 post
856 2935 1127 2983 monosyllaba
1156 2935 1306 2971 hiatum
1337 2934 1482 2970 Plauto
1514 2945 1667 2970 conces-
