1926 3275
149 289 197 334 H,
211 291 243 334 2,
256 290 393 324 69—84
812 287 994 323 Asinaria.
1599 292 1653 331 97

783 413 1022 455 Leonida

150 485 243 537 Em,
274 499 378 538 ergo
408 484 446 526 is
478 489 708 538 argentum
736 484 822 527 huc
851 485 1031 537 remisit,
1062 483 1179 539 quod
1210 483 1390 526 daretur
1422 484 1612 528 Saureae

149 555 235 597 Pro
267 556 420 608 asinis;
453 556 710 599 adulescens
741 557 862 598 uenit
891 556 1034 608 modo,
1068 556 1141 610 qui
1171 555 1217 596 id
1242 560 1469 608 argentum
1495 557 1654 599 attulit.

787 628 880 670 Lib
892 642 954 670 an
964 643 992 669 u
1002 642 1021 670 s

150 683 237 726 Ubi
265 684 302 726 is
332 683 534 726 homost?

784 756 818 797 L
830 770 851 798 e
864 770 887 798 o
897 757 949 797 ni
961 755 987 797 d
998 770 1024 797 a

524 828 616 869 Iam
648 826 946 869 deuorandum
979 840 1141 878 censes,
1175 827 1211 868 si
1243 827 1521 880 conspexeris
1532 827 1552 868 ‘?
1590 833 1658 867 335

788 898 822 939 L
831 899 846 940 i
856 898 883 940 b
895 912 921 939 a
929 914 958 940 n
966 914 995 940 u
1004 912 1022 939 s

151 969 220 1011 Ita
251 970 491 1022 enimuero3
524 969 600 1011 sed
628 974 777 1011 tamen
798 993 855 998 —
878 973 927 1010 tu
957 983 1112 1024 nempe
1145 984 1219 1011 eos
1251 969 1398 1011 asinos
1426 969 1657 1023 praedicas

151 1040 355 1092 Uetulos,
396 1040 593 1093 claudos,
634 1041 792 1095 quibus
831 1041 1044 1083 subtritae
1091 1041 1148 1082 ad
1191 1039 1356 1082 femina
1399 1041 1488 1082 iam
1533 1045 1659 1083 erant

1111 1111 1301 1164 ungulae
1312 1112 1332 1152 ‘?

788 1185 823 1226 L
834 1198 855 1226 e
867 1198 890 1226 o
900 1184 988 1225 nid
998 1198 1025 1225 a

152 1254 289 1309 Ipsos,
321 1256 396 1310 qui
424 1256 508 1298 tibi
540 1255 779 1298 subuectab
785 1260 861 1297 ant
891 1269 991 1297 rure
1022 1254 1107 1296 huc
1137 1255 1287 1308 uirgas
1317 1253 1497 1296 ulmeas.

788 1326 884 1368 Lib
895 1341 921 1368 a
929 1341 957 1367 n
967 1342 996 1368 u
1005 1340 1024 1368 s

153 1397 296 1439 Teneo
308 1413 316 1450 3
349 1401 482 1451 atque
513 1398 627 1440 idem
657 1402 702 1440 te
732 1398 834 1440 hinc
864 1402 1079 1440 uexerunt
1110 1399 1305 1439 uinctum
1334 1412 1421 1439 rus.

788 1470 821 1511 L
833 1484 855 1512 e
866 1485 889 1511 o
901 1470 1026 1511 nida

1234 1518 1476 1567 Memor'es
1508 1525 1656 1579 probe.

153 1597 316 1639 Uerum
345 1598 391 1639 in
420 1598 642 1640 tonstrina
671 1602 720 1639 ut
751 1597 969 1649 sedebam,
1001 1611 1069 1639 me
1100 1597 1197 1638 infit
1227 1597 1540 1650 percontarier,
1592 1602 1659 1635 340

154 1668 347 1722 Ecquem
376 1669 515 1710 filium
546 1669 764 1711 Stratonis
795 1670 994 1711 nouerim
1023 1669 1351 1710 Demaenetum.

153 1740 261 1782 Dico
292 1755 360 1782 me
391 1741 565 1782 nouisse
597 1741 826 1795 extemplo,
860 1745 903 1782 et
932 1755 1001 1782 me
1033 1741 1123 1782 eius
1155 1753 1328 1780 seruom
1357 1738 1565 1793 praedico

154 1811 260 1853 Esse
292 1815 337 1853 et
367 1812 488 1854 aedis
520 1812 819 1854 demonstraui
849 1816 1037 1854 nostras.

790 1883 1024 1925 Libanus

1064 1954 1176 2005 Quid
1205 1958 1299 1995 tum
1329 1954 1516 2008 postea‘?

787 2026 1025 2069 Leonida

152 2097 226 2138 Ait
255 2111 299 2139 se
332 2098 386 2139 ob
419 2098 564 2139 asinos
596 2098 710 2140 ferre
742 2103 971 2151 argentum
1003 2098 1185 2139 atriensi
1217 2096 1419 2148 Saureae,

152 2168 319 2222 Uiginti
349 2170 508 2222 minas3
542 2170 620 2211 sed
651 2184 748 2212 eum
778 2184 867 2211 non
896 2170 1072 2211 nouisse
1103 2169 1321 2211 hominem
1353 2168 1427 2222 qui
1454 2168 1555 2219 siet,
1591 2171 1658 2205 345

152 2238 301 2293 Ipsum
330 2254 435 2282 uero
468 2254 513 2282 se
544 2242 716 2283 nouisse
750 2241 908 2283 callide
939 2241 1266 2282 Demaenetum.

154 2310 367 2360 Quoniam
396 2311 470 2353 ille
503 2312 698 2355 elocutus
727 2312 836 2354 haec
866 2313 928 2354 sic
959 2336 1016 2340 —

788 2384 1024 2426 Libanus

1019 2454 1133 2504 Quid
1162 2454 1284 2495 tum?

787 2525 1023 2568 Leonida

1134 2596 1345 2638 Ausculta
1376 2609 1498 2649 ergo3
1531 2595 1653 2636 scies.

152 2667 380 2721 Extemplo
410 2667 524 2709 facio
556 2667 746 2710 facetum
777 2684 843 2710 me
876 2674 1008 2723 atque
1040 2668 1316 2721 magnificum
1347 2667 1509 2717 uirum3

248 2796 314 2828 334
339 2795 427 2839 quid
449 2798 642 2838 argentum
713 2796 780 2829 340
802 2806 919 2828 memo
990 2795 1056 2828 345
1076 2805 1159 2827 eum
1180 2804 1256 2827 sese
1277 2804 1353 2827 non
1424 2793 1489 2827 346
1502 2793 1656 2836 ponitur

152 2856 240 2895 post
263 2853 344 2885 347.

1360 2918 1381 2949 '7
