1926 3275
773 322 815 356 V.
845 322 1032 357 164—169.
1575 327 1653 365 251

272 453 363 489 164.
403 447 608 501 Opulem‘o
633 449 793 490 laomim?
823 449 1021 498 seruitus)
1054 453 1078 489 i.
1106 466 1137 489 e.
1172 465 1258 501 quae
1291 452 1478 501 opulento
1509 453 1657 490 homini

154 522 343 567 servitur,
385 520 430 557 cf.
464 519 564 557 Rud.
601 522 701 558 502:
754 520 881 567 „Quid
917 520 1013 556 mihi
1051 521 1216 558 scelesto
1254 521 1328 557 tibi
1375 524 1460 557 erat
1505 520 1657 558 auscul-

153 590 255 626 tatio
267 587 310 625 ⁴?“
347 589 424 625 alia
455 588 558 625 infra
589 588 638 625 ad
668 601 705 624 v.
741 589 833 625 515.
896 588 1107 626 Proximus
1138 602 1274 626 versus
1307 589 1470 626 eandem
1501 593 1657 626 senten-

154 657 251 694 tiam
295 656 544 707 planioribus
589 657 720 694 verbis
765 657 939 706 profert,
989 670 1110 706 quare
1148 671 1235 694 cum
1273 656 1546 694 Fleckeisenio
1584 670 1657 705 pro

154 725 499 763 circumlocutione
541 726 678 775 spuria
717 724 936 762 habuimus.
999 726 1198 762 Audacius
1238 725 1341 762 idem
1379 739 1414 762 v,
1449 724 1485 762 d.
1518 728 1658 774 postea

152 794 193 831 in
223 793 363 831 Annal.
397 794 534 843 philol.
568 793 608 839 C,
641 806 679 842 p.
714 794 764 831 75
798 796 926 830 totum
958 794 1087 831 locum
1118 795 1172 831 sic
1204 793 1384 830 refinxit:

268 862 466 912 Opulento
498 861 571 898 hoc
602 861 752 898 homini
783 862 952 899 seruitus
985 865 1043 899 est
1077 859 1234 910 [magis]
1269 861 1377 908 dura,

270 928 416 978 [Quod]
449 930 654 979 noctisque
687 929 849 979 diesque
882 929 1046 967 adsiduo
1079 931 1177 967 satis
1210 930 1407 980 superque
1441 932 1511 975 est,

267 998 351 1044 Quo
383 999 486 1036 facto
521 1000 589 1034 aut
619 996 756 1034 dictod
788 1002 845 1034 est
879 1011 988 1047 opuS,
1023 999 1181 1046 quietus
1212 998 1260 1035 ne
1293 998 1357 1035 sis.

157 1067 247 1104 166.
281 1063 470 1112 adsiduo,
499 1079 662 1115 semper,
690 1066 736 1103 cf.
757 1066 870 1115 Capt.
902 1067 1000 1103 178:
1038 1067 1158 1112 „istoc
1183 1079 1243 1103 me
1268 1066 1432 1103 adsiduo
1457 1066 1567 1103 uictu
1591 1065 1656 1102 de-

153 1135 253 1172 lecto
273 1133 420 1172 domi“.
437 1154 494 1159 ·—-
516 1135 605 1171 167.
625 1131 745 1172 adest
768 1144 872 1183 02)ch
896 1147 968 1183 pro
992 1138 1075 1180 „est
1102 1133 1224 1184 opus²⁴
1254 1147 1365 1171 nemo
1382 1147 1569 1183 umquam
1587 1147 1657 1170 nec

153 1203 253 1240 dixit
284 1216 356 1240 nec
387 1202 517 1240 dicere
547 1203 690 1252 potuit.
737 1202 905 1239 Parcus:
940 1202 1101 1249 „dictod
1125 1206 1184 1239 est
1208 1200 1346 1251 opus“‚
1373 1201 1484 1252 prob.
1503 1202 1655 1239 Ritsch.

152 1271 250 1309 Nov.
289 1270 451 1308 Excurs.
492 1284 528 1319 p.
571 1271 634 1307 59.
696 1269 858 1308 Rectius
898 1270 1030 1320 Bergk
1078 1269 1278 1320 (Beitrage
1316 1283 1386 1307 zm·
1423 1270 1490 1307 lat.
1524 1269 1591 1307 Gr.
1624 1270 1654 1316 I,

151 1353 190 1390 p.
227 1337 296 1387 68)
329 1342 368 1376 et
397 1339 565 1376 Miiller:
614 1339 688 1377 aut
717 1335 826 1377 dicto
859 1336 1003 1376 adeost.
1032 1349 1148 1388 opus.
1209 1339 1298 1375 Non
1329 1338 1454 1376 solum
1485 1337 1657 1375 faciendi

153 1408 283 1457 operis
315 1421 444 1454 causa,
478 1407 547 1444 sed
579 1407 700 1444 etiam
732 1407 919 1444 audiendi
944 1421 1061 1444 causa
1086 1421 1222 1445 servus
1246 1411 1393 1457 praesto
1418 1419 1500 1443 esse
1525 1405 1655 1443 debet.

152 1475 334 1513 Ceterum
364 1488 413 1512 ne
445 1477 531 1525 quis
564 1475 853 1512 coniunctivum
884 1476 1062 1525 requirat
1095 1473 1241 1525 („opus
1273 1472 1386 1522 siff),
1419 1474 1586 1511 Plautus
1616 1475 1656 1511 in

152 1544 235 1581 eius
266 1543 375 1581 modi
405 1544 612 1581 sententiis
644 1543 818 1580 relativis
843 1557 963 1593 quum
987 1544 1220 1593 plerumque
1245 1544 1495 1581 coniunctivo
1519 1545 1657 1579 utatur

153 1610 247 1659 (vid.
282 1612 413 1649 Holtz.
447 1611 606 1660 Syntax.
640 1611 859 1661 priscorum
890 1612 1128 1661 scriptorum
1159 1612 1396 1649 Latinorum
1427 1611 1476 1657 II,
1508 1624 1546 1659 p.
1577 1611 1653 1647 188

152 1678 250 1730 sq.),
290 1683 374 1717 tum
412 1692 491 1716 non
528 1693 619 1716 raro
658 1678 917 1716 indicativum
955 1680 1091 1727 habet,
1134 1680 1180 1718 cf.
1213 1680 1298 1717 Mil.
1337 1680 1462 1717 1006:
1516 1678 1656 1724 „homo

153 1747 362 1798 quidamst,
398 1748 465 1798 qui
496 1746 610 1784 scit“.
657 1747 799 1785 Pseud.
827 1749 927 1785 696:
966 1748 1096 1793 ..aliud
1129 1752 1271 1794 autem,
1306 1747 1412 1796 quod
1438 1746 1653 1796 cupiebam,

153 1815 359 1864 contigit&
421 1816 562 1853 Bacch.
597 1816 669 1852 64:
723 1816 861 1861 „huius
901 1816 1007 1854 modi
1046 1818 1086 1853 in
1125 1817 1370 1866 palaestram,
1403 1815 1471 1852 ubi
1503 1814 1654 1851 damnis

153 1884 463 1921 desudascitur“.
510 1884 630 1921 Merc.
657 1885 754 1920 143:
794 1884 953 1934 „Apage
979 1886 1093 1924 istius
1117 1885 1221 1922 modi
1246 1885 1425 1930 salutem,
1452 1893 1543 1921 cnm
1569 1896 1654 1919 cru-

153 1954 258 1989 ciatu
291 1966 377 2002 quae
409 1951 610 1989 advenit“.
664 1952 774 1989 Asin.
813 1953 910 1989 174:
949 1967 1059 2002 ..quae
1090 1954 1195 2002 frugi
1227 1967 1310 1991 esse
1339 1951 1465 1989 uolt“.
1513 1950 1652 1988 Bacch.

153 2022 253 2057 467:
307 2034 430 2070 „quae
478 2020 701 2057 absorbet“.
778 2021 888 2058 Asin.
932 2022 1032 2059 230:
1088 2026 1169 2067 „est
1215 2021 1321 2070 quod
1366 2020 1456 2057 volo
1502 2019 1652 2068 loqui‘'.

152 2088 293 2126 Pseud.
329 2090 429 2126 462:
484 2088 607 2135 „Sunt
647 2102 732 2137 quae
770 2093 809 2125 te
847 2090 1028 2127 uolumus
1059 2089 1326 2140 percontari⁴'.
1389 2089 1476 2125 Ter.
1510 2088 1652 2124 Heaut.

154 2157 253 2193 936:
291 2156 401 2201 „Nisi
432 2157 527 2205 quid
559 2162 630 2203 est,
665 2157 772 2206 quod
801 2158 927 2205 magis
952 2159 1051 2195 vis''.
1092 2157 1234 2195 Pseud.
1257 2158 1357 2194 392:
1396 2169 1553 2202 .,unum,
1587 2157 1654 2205 qui

154 2228 314 2270 certust,
349 2223 484 2261 cedo‘*.
538 2225 627 2261 Alia
659 2226 1024 2274 antiquissimorum
1048 2227 1285 2275 scriptorum
1310 2225 1489 2273 exempla
1504 2225 1653 2261 Auten-

153 2292 255 2328 rieth
287 2292 421 2329 attulit
454 2293 494 2329 in
518 2292 658 2329 Annal.
691 2293 828 2342 philol.
848 2293 1117 2343 Supplement.
1143 2293 1196 2330 VI
1230 2291 1389 2340 (1872),
1421 2306 1459 2342 p.
1487 2294 1580 2329 282.
1598 2312 1654 2317 —-

157 2361 246 2396 168.
282 2355 418 2397 Dece-S·
450 2358 600 2408 operi-5,
635 2362 701 2409 qui
734 2361 876 2397 multas
909 2375 1049 2411 operas
1074 2361 1203 2407 habet,
1230 2363 1253 2397 i.
1281 2374 1312 2397 e.
1340 2373 1484 2397 servos.
1533 2361 1652 2397 Abla-

151 2429 254 2464 tivus
287 2429 408 2477 copiae
442 2427 546 2476 apud
576 2428 758 2465 Plautum
798 2442 875 2465 non
907 2429 1087 2476 offendit,
1122 2430 1168 2466 cf.
1203 2429 1295 2466 Cist.
1330 2430 1401 2466 70:
1449 2442 1582 2475 „amor
1614 2433 1653 2465 et

151 2496 267 2532 melle
299 2499 337 2532 et
368 2496 459 2532 felle
493 2499 551 2531 est
578 2496 918 2534 fecundissimus‘·.
965 2497 1082 2546 Epid.
1110 2498 1210 2534 297:
1249 2510 1368 2542 „auro
1400 2497 1650 2546 opulentus“.

152 2563 272 2600 Merc.
308 2564 406 2600 866:
455 2564 688 2612 ..splendore
727 2564 887 2613 plenum
921 2564 1111 2602 caelum“.
1174 2564 1278 2601 Male
1311 2565 1378 2601 alii
1411 2563 1549 2614 Operi-5·
1580 2579 1652 2615 pro

151 2633 333 2680 genetivo
357 2631 514 2677 habent,
539 2636 585 2668 ut
603 2631 779 2668 Gronov:
819 2634 910 2682 „qui
935 2634 1102 2670 multum
1129 2634 1257 2682 operis
1282 2633 1401 2670 habet
1431 2633 1650 2680 facie11di“;

152 2712 200 2735 ne
230 2699 287 2735 illi
327 2699 487 2748 quidem
526 2704 652 2745 recte,
696 2702 761 2749 qui
808 2702 961 2749 „operis
1003 2706 1042 2738 et
1080 2701 1225 2738 laboris
1266 2704 1428 2751 expers⁴'
1471 2703 1649 2751 iungunt,

153 2780 230 2815 qua
268 2769 421 2804 ratione
460 2782 537 2805 vox
581 2767 736 2813 „diues“
781 2782 918 2817 parum
959 2774 1052 2819 apte
1090 2769 1248 2819 pendet.
1288 2789 1344 2794 —
1387 2771 1476 2806 169.
1517 2767 1650 2819 Quod-

154 2845 323 2882 cumque
355 2832 392 2872 Ιι.
426 2833 579 2874 accidit
610 2832 758 2882 lubere,
791 2838 822 2873 si
850 2838 945 2886 quid
972 2838 1114 2875 accidit
1137 2841 1181 2875 ut
1206 2839 1240 2875 ei
1266 2838 1412 2875 lubeat.
1441 2858 1493 2862 —
1509 2848 1648 2885 posse,

154 2916 203 2939 sc.
233 2902 328 2939 fieri.
363 2904 417 2940 Cf.
438 2904 565 2941 Casin.
589 2905 687 2940 317:
726 2905 837 2949 „Non
869 2905 996 2941 hercle
1030 2907 1170 2955 opinor
1200 2905 1355 2955 posse‘ss
1404 2905 1651 2954 Frequenter
