1926 3275
232 308 257 346 8
916 294 1039 329 Plauti

235 427 369 478 Quiue
402 439 485 479 quo
516 423 710 478 placeret
741 421 853 462 alter
882 420 1058 462 fecisset
1087 420 1242 471 minus,

234 498 338 539 Eius
369 498 623 538 ornamenta
654 497 697 535 et
729 493 892 535 corium
921 492 985 532 uti
1017 490 1308 532 conciderent.

235 569 386 610 Mirari
416 567 548 608 nolim
577 579 668 617 uos,
699 568 966 618 quapropter
996 563 1194 617 Iuppiter

235 641 358 682 Nunc
388 637 619 679 histriones
652 640 805 687 curet3.
825 649 878 676 ne
910 634 1138 685 miremini,

236 711 331 764 Ipse
363 710 476 751 hanc
507 711 704 749 acturust
733 707 930 760 Iuppiter
962 705 1242 748 comoediam.

238 781 350 832 Quid
381 780 584 821 admirati
614 779 744 820 estis?
777 778 900 831 quasi
930 791 1035 818 uero
1067 791 1227 818 nouom

237 853 361 894 Nunc
391 849 649 905 proferatur,
680 849 828 891 Iouem
857 848 1001 890 facere
1031 848 1303 890 histrionam.

238 924 382 965 Etiam
411 922 639 963 histriones
670 921 696 972 †
728 934 840 962 anno
873 934 1003 974 quom
1032 920 1075 961 in
1105 920 1332 974 proscenio
1363 919 1435 960 hic

239 995 386 1036 Iouem
416 994 685 1043 inuocarunt,
715 991 854 1043 uenit3
887 990 1047 1032 auxilio
1078 991 1115 1032 is
1146 990 1241 1033 fuit.

239 1066 469 1107 Praeterea
501 1068 620 1106 certo
651 1063 795 1117 prodit
824 1063 869 1103 in
899 1062 1140 1116 tragoedia.

240 1137 363 1178 Hanc
393 1136 595 1186 fabulam,
626 1135 814 1188 inquam,
845 1134 915 1174 hic
946 1133 1141 1187 Iuppiter
1171 1133 1300 1175 hodie
1332 1135 1425 1187 ipse
1457 1137 1559 1187 aget

242 1208 296 1248 Et
328 1221 405 1260 ego
436 1221 522 1248 una
554 1220 650 1247 cum
682 1206 768 1247 illo.
829 1205 952 1246 Nunc
983 1206 1066 1246 iam
1098 1205 1288 1246 animum
1319 1205 1549 1257 aduortite,

241 1279 352 1319 Dum
382 1278 508 1318 huius
539 1280 840 1330 argumentum
871 1276 1053 1330 eloquar
1085 1276 1348 1318 comoediae.

298 1350 417 1390 Haec
448 1348 551 1390 urbs
583 1352 649 1390 est
679 1347 875 1398 Thebae;
907 1348 951 1388 in
982 1347 1119 1388 illisce
1149 1347 1323 1389 habitat
1353 1347 1532 1389 aedibus

242 1420 511 1474 Amphitruo,
541 1422 670 1460 natus
700 1418 824 1470 Argis
856 1432 908 1459 ex
937 1418 1052 1471 Argo
1084 1423 1220 1472 patre,

244 1491 424 1540 Quicum
455 1490 732 1531 Alcumenast
762 1493 908 1543 nupta,
939 1489 1103 1531 Electri
1133 1489 1236 1531 filia.

243 1562 283 1602 Is
315 1575 427 1602 nunc
459 1561 713 1615 Amphitruo
745 1561 1010 1614 praefectust
1039 1561 1302 1614 legionibus3

243 1633 354 1673 Nam
387 1646 480 1673 cum
511 1631 730 1673 Teleboist
759 1632 920 1673 bellum
951 1632 1158 1674 Thebano
1191 1633 1334 1686 poplo.

243 1704 283 1744 Is
315 1704 433 1757 prius
465 1717 593 1755 quam
623 1702 722 1743 hinc
754 1703 861 1744 abiit
890 1704 1074 1757 ipsemet
1103 1704 1147 1744 in
1179 1705 1428 1756 exercitum,

244 1775 480 1815 Grauidam
511 1774 789 1815 Alcumenam
820 1788 998 1816 uxorem
1028 1774 1132 1816 fecit
1163 1789 1298 1816 suam.

245 1844 389 1898 [Nam]
423 1859 500 1897 ego
532 1859 608 1886 uos
639 1846 812 1886 nouisse
846 1845 974 1886 credo
1006 1846 1103 1896 iam,
1133 1849 1184 1887 ut
1215 1846 1270 1887 sit
1299 1850 1424 1899 pater
1454 1859 1588 1898 meus,

246 1916 383 1966 Quam
412 1916 521 1956 liber
552 1916 705 1956 harum
735 1930 881 1957 rerum
911 1916 1148 1957 multarum
1179 1917 1274 1968 siet,

246 1986 525 2040 Quai‘itusque
558 1991 724 2028 amator
757 1988 823 2038 sit,
855 1987 971 2041 quod
1003 1988 1339 2041 conplacitumst
1370 1988 1514 2030 semel.

245 2058 285 2098 Is
317 2071 462 2098 amare
495 2058 637 2111 coepit
669 2058 948 2099 Alcumenam
979 2059 1091 2099 clam
1121 2059 1263 2100 uirum

247 2129 515 2181 L'suramque
546 2128 636 2169 eius
669 2130 861 2182 corporis
894 2130 1008 2183 cepit
1038 2130 1121 2171 sibi

247 2199 301 2239 lit
332 2199 557 2251 grauidam
587 2197 689 2240 fecit
719 2200 755 2241 is
788 2214 882 2241 eam
914 2214 1151 2255 conpressu
1183 2216 1274 2243 suo.

246 2270 380 2320 Nunc,
413 2270 463 2310 dc
495 2270 730 2311 Alcumena
760 2276 807 2312 ut
837 2286 928 2313 rem
957 2273 1144 2314 teneatis
1173 2274 1347 2325 rectius,

249 2340 513 2393 Uti-iniqucst
544 2341 735 2393 grauida,
769 2346 812 2383 et
843 2356 894 2383 ex
924 2343 1018 2384 uiro
1052 2347 1097 2384 et
1128 2342 1215 2396 [ex]
1249 2357 1415 2385 summo
1446 2343 1562 2385 Ioue.

250 2410 301 2449 lit
333 2426 450 2451 incus
484 2415 606 2463 pater
636 2426 749 2453 nunc
779 2413 895 2454 intus
925 2412 995 2454 hic
1027 2428 1124 2455 cum
1155 2415 1231 2456 illa
1264 2415 1406 2466 cubat,

252 2480 303 2520 let
335 2480 439 2521 haec
471 2481 523 2521 ob
557 2496 648 2522 eam
679 2497 769 2523 rem
800 2498 883 2524 nox
917 2488 983 2525 est
1012 2484 1132 2526 facta
1161 2486 1341 2540 longior,

248 2551 356 2590 Dum
390 2566 479 2591 eum
508 2552 594 2602 illa,
625 2567 807 2605 quacum
839 2548 1247 2609 uolt‚'uoluptatem
1279 2558 1406 2610 capit.

1686 488 1732 522 85

1690 846 1736 880 90

1693 1210 1737 1244 95

1675 1561 1741 1595 100

1676 1916 1739 1949 105

1675 2271 1741 2305 110

339 2720 376 2749 ⁸<ss
407 2718 595 2761 placerent
664 2720 707 2752 02
733 2719 996 2755 invocaverunt
1066 2724 1109 2756 95
1134 2724 1207 2757 iam
1233 2734 1296 2759 om.
1374 2725 1434 2758 101
1461 2723 1661 2759 Thelobois
1681 2726 1738 2758 est

253 2775 313 2805 1065
339 2773 401 2805 sint
480 2776 539 2806 114
567 2784 648 2807 cum
674 2784 738 2808 om.
