1926 3275
750 279 792 316 v.
822 282 1012 317 115-133.
1550 290 1631 330 363
1682 273 1689 281 ’

130 408 221 447 130.
260 404 335 446 Ad
370 405 567 447 trisuiros
609 407 705 458 (vid.
747 410 798 449 ad
834 411 977 460 Amph.
1022 409 1119 459 155)
1166 414 1342 450 minatur
1386 428 1427 451 se
1471 417 1633 454 nomina

124 477 260 514 matris
292 480 331 514 et
360 475 450 514 filiae
484 477 727 525 delaturum3
768 479 876 529 quod
915 479 965 517 ob
1005 478 1256 528 maleficium,
1298 495 1379 519 non
1411 482 1528 531 dicit,
1563 484 1631 521 sed

124 545 165 582 in
196 545 267 582 tali
296 538 486 594 persona,
520 546 649 595 qualis
681 546 862 584 Cleareta
892 550 999 594 erat,
1041 551 1110 585 aut
1146 547 1243 586 furti
1282 554 1350 587 aut
1389 551 1489 588 alius
1521 565 1631 589 noxae

124 627 242 651 causa
266 613 383 650 facile
406 613 576 651 inveniri
599 617 771 664 poterat.
818 615 874 653 Cf.
892 615 1050 653 Trucul.
1072 617 1173 653 748:
1206 617 1335 667 „apud
1360 619 1484 656 omnis
1508 622 1631 668 magi-

123 685 274 719 stratus
305 681 394 718 faxo
427 682 502 718 erit
531 694 674 719 nomen
703 681 858 720 tuum“.
890 703 947 708 —
981 685 1072 721 131.
1107 679 1226 723 Faxo
1258 686 1388 734 cretm‘,
1421 701 1456 724 v.
1485 688 1630 738 Amph.

126 751 220 787 351.
264 770 313 774 —
355 746 505 798 capitis
532 747 734 798 perdam,
773 752 799 788 i.
833 764 865 788 e.
904 765 1019 801 poena
1058 753 1218 801 capitis,
1266 753 1313 790 cf.
1353 754 1493 792 Bacch.
1534 757 1629 794 486.

122 817 209 855 Mil.
241 819 334 855 373.
365 837 421 842 —
456 818 548 854 132.
581 818 726 855 Versus
758 832 805 855 ex
837 822 1028 868 quattuor
1060 820 1295 858 choriambis
1328 826 1495 861 constat.
1532 833 1630 872 per-

124 881 318 933 lecebrccc,
351 885 397 922 cf.
421 884 563 923 Bacch.
589 887 715 924 1160:
755 886 917 936 „probri
947 888 1200 937 perlecebrae
1233 893 1272 927 et
1301 889 1630 938 persuastrices‘ffl

125 974 174 979 —
202 950 417 1003 permittes
448 953 560 990 codd.
586 953 616 990 B
641 957 680 990 et
703 954 740 1000 I,
774 954 986 1004 eademque
1017 955 1144 993 forma
1168 956 1308 995 Bacch.
1337 959 1430 997 822.
1458 959 1577 996 Most.
1607 962 1627 997 3

121 1023 162 1059 in
194 1021 222 1059 C
254 1025 294 1058 et
323 1021 369 1068 D,
402 1021 547 1058 Pseud.
575 1022 654 1059 364
687 1023 728 1059 in
760 1023 939 1060 omnibus
974 1021 1113 1071 (etiam
1139 1022 1191 1071 A)
1227 1028 1335 1061 extat
1367 1030 1406 1062 et
1438 1028 1477 1063 in
1508 1027 1630 1065 Nonii

122 1089 238 1128 codd.
270 1090 523 1139 plerumque,
563 1089 643 1126 vid.
675 1090 771 1128 Luc.
803 1090 969 1138 Mulier,
1004 1091 1147 1129 Lucilii
1180 1092 1412 1130 Saturarum
1450 1095 1628 1143 reliquiae

122 1171 160 1208 p.
182 1159 276 1196 200.
321 1157 478 1194 Primus
508 1157 623 1194 huius
654 1158 788 1195 forinae
815 1159 1081 1208 patrocinium
1108 1162 1283 1210 suscepit
1298 1161 1421 1208 Koch,
1454 1161 1627 1200 Exercit.

122 1227 248 1264 critic.
288 1226 329 1262 in
367 1225 519 1275 priscos
559 1229 696 1275 poetas
727 1225 840 1264 Rom.
880 1240 919 1276 p.
954 1228 991 1265 9.
1054 1227 1166 1265 Hunc
1209 1233 1366 1266 secutus
1404 1230 1547 1267 Munro
1588 1233 1630 1268 in

120 1295 251 1345 prima
282 1293 459 1331 Lucretii
490 1293 550 1331 ed.
595 1292 664 1341 (ad
695 1294 739 1341 V,
777 1292 901 1341 1339)
942 1309 965 1332 a
1001 1296 1263 1345 permacendo
1304 1297 1529 1345 derivabat3
1562 1299 1629 1336 sed

122 1362 302 1401 macendi
333 1362 516 1408 verbum,
555 1362 661 1399 unde
699 1365 872 1399 mactare
914 1362 1075 1401 ductum
1112 1368 1277 1414 putant,
1320 1365 1441 1402 dubia
1472 1370 1628 1404 tantum

121 1431 162 1469 C.
197 1431 241 1469 O.
274 1430 436 1467 Miilleri
469 1430 697 1468 coniectura
729 1430 780 1467 ad
803 1430 966 1468 Festum
997 1446 1035 1481 p.
1071 1433 1150 1470 397
1183 1433 1207 1469 b
1238 1434 1394 1471 nititur.
1450 1434 1626 1482 Corssen,

121 1499 400 1536 Formenlehre
430 1511 468 1547 p.
504 1499 603 1545 266,
636 1502 680 1536 ut
710 1499 926 1549 perniciem
959 1513 981 1536 a
1020 1513 1114 1537 nece
1154 1501 1209 1537 ita.
1246 1503 1473 1551 permiciem
1505 1516 1527 1540 a
1557 1504 1628 1540 mi-

120 1567 278 1606 nuendo
325 1566 498 1604 deducit.
568 1566 669 1603 Huic
715 1571 822 1604 recte
868 1567 1099 1617 obloquitur
1137 1568 1289 1616 Bergk,
1332 1570 1520 1618 Beitriige
1559 1585 1629 1608 zur

119 1637 254 1674 latein.
280 1634 526 1673 Grammatik
557 1634 585 1681 Ι,
618 1648 656 1684 p.
687 1636 764 1672 154
798 1649 869 1685 sq.,
902 1649 973 1673 nec
1004 1649 1076 1673 nos
1109 1636 1346 1684 dubitamus,
1381 1639 1476 1687 quin
1507 1652 1627 1676 unum

119 1704 355 1742 vocabulum
393 1704 445 1740 sit
484 1707 524 1740 et
562 1702 720 1752 quidem
760 1706 818 1741 ita
857 1704 1127 1751 scribendum,
1167 1708 1212 1742 ut
1250 1706 1356 1754 apud
1388 1706 1627 1754 Ciceronem,

121 1773 354 1811 Sallustium
400 1775 630 1820 ceterosque
676 1772 892 1821 scriptores
937 1774 1180 1820 inveniatur,
1235 1787 1315 1810 non
1367 1777 1412 1810 ut
1463 1774 1628 1811 fecerint

121 1841 272 1879 indocti
303 1840 499 1877 librarioli
530 1842 662 1877 nescio
696 1842 805 1877 cuius
839 1840 1073 1891 disciplinae.

240 1910 332 1946 133.
364 1908 462 1945 Post
494 1908 664 1945 alterum
692 1909 878 1945 creticum
917 1912 1149 1946 tetrameter
1174 1910 1213 1946 in
1239 1909 1392 1946 diaeresi
1417 1913 1455 1946 et
1478 1909 1629 1946 hiatum

119 1978 286 2028 patitur,
318 1979 363 2013 ut
390 1989 426 2013 v.
457 1977 547 2023 134,
581 1980 621 2013 et
652 1977 844 2026 syllabam
877 1977 1099 2027 ancipitem,
1133 1977 1170 2014 h.
1203 1991 1239 2015 v.
1279 1976 1451 2025 „mare“,
1484 1991 1520 2016 v.
1551 1979 1627 2015 136

125 2043 290 2092 „bene“,
322 2057 410 2093 quae
440 2057 545 2082 vocc.
570 2045 822 2094 pyrrhichica
853 2048 955 2092 sunt,
989 2059 1079 2092 non,
1113 2049 1157 2083 ut
1189 2045 1410 2095 oportebat,
1444 2045 1625 2083 iambica.

121 2113 249 2151 Locos
273 2113 421 2150 similes
444 2113 603 2162 collegit
620 2113 660 2150 C.
679 2113 724 2150 F.
743 2113 804 2150 W.
822 2113 980 2160 Mulier,
1006 2127 1044 2163 p.
1066 2114 1273 2151 622—27.
1291 2134 1347 2139 -—
1366 2114 1477 2150 Mare
1502 2115 1629 2163 ipsum

122 2181 353 2219 adulescens
385 2183 442 2218 ait
471 2195 550 2218 non
581 2195 666 2218 esse
697 2195 815 2228 mare,
849 2182 883 2218 si
914 2195 1001 2219 cum
1033 2181 1094 2218 his
1126 2181 1398 2219 meretricibus
1432 2195 1629 2231 compare-

120 2253 205 2296 tur3
237 2250 307 2287 has
337 2249 463 2286 multo
492 2251 664 2286 acriores
693 2253 732 2286 et
754 2251 938 2287 saeviores
969 2263 1051 2287 esse
1084 2250 1288 2299 multoque
1312 2251 1462 2286 maiora
1486 2250 1630 2286 damna

122 2317 275 2355 afferre.
323 2316 434 2354 Conf.
452 2317 610 2354 Trucul.
632 2319 732 2355 564:
770 2318 1045 2364 „Meretricem
1070 2331 1140 2367 ego
1165 2319 1261 2354 item
1287 2331 1369 2355 esse
1400 2331 1491 2354 reor
1522 2331 1630 2354 mare

122 2390 167 2424 ut
199 2389 277 2432 est3
311 2385 425 2431 Quod
457 2384 542 2432 des,
576 2385 761 2432 deuorat,
795 2399 1010 2436 numquam
1041 2384 1258 2423 abundaff‘.
1318 2385 1458 2423 Horat.
1493 2385 1564 2423 Od.
1598 2386 1628 2432 I,

125 2455 281 2501 33,15:
321 2453 531 2500 „libertina
562 2453 674 2490 fretis
701 2455 830 2490 acrior
855 2452 1057 2491 Hadriae“.
1107 2455 1172 2500 27,
1204 2455 1273 2491 19:
1313 2453 1492 2499 „Quanta
1522 2453 1629 2491 labo-

122 2522 239 2559 rabas
256 2519 500 2570 Cha1·ybdi!“
537 2521 586 2559 al.
634 2520 680 2558 In
707 2523 809 2559 mari
833 2525 1056 2559 mercatura
1080 2522 1183 2559 facta
1213 2535 1254 2558 se
1284 2524 1492 2571 pecuniam
1517 2535 1630 2571 repe-

122 2591 221 2627 risse
253 2589 360 2636 dicit,
394 2589 500 2638 apud
530 2591 759 2627 meretrices
791 2591 902 2639 quasi
928 2590 1137 2640 naufragio
1163 2589 1267 2627 facto
1291 2590 1478 2627 amisisse.
1525 2586 1630 2627 Ela-

122 2667 220 2695 vccre
250 2671 280 2695 s.
315 2653 450 2695 cluere
488 2660 548 2694 est
586 2659 643 2694 ita
672 2658 826 2706 lavare,
859 2662 903 2696 ut
935 2661 1086 2705 omnia,
1121 2671 1207 2707 quae
1247 2658 1415 2695 lavando
1456 2659 1629 2696 amoveri

123 2726 289 2775 possint,
322 2729 594 2772 amoveantur,
627 2739 663 2762 v.
695 2726 801 2764 Poen.
835 2728 929 2764 222.
976 2727 1062 2765 Hoc
1093 2740 1178 2764 voe.
1211 2727 1251 2764 in
1282 2726 1481 2776 naufragis
1511 2726 1630 2774 vulgo

123 2793 341 2830 utebantur
366 2797 405 2829 et
429 2793 587 2842 quidem
612 2798 681 2830 aut
707 2795 862 2843 passive
888 2798 956 2832 aut
978 2796 1240 2842 intransitive,
1269 2798 1313 2832 ut
1339 2795 1529 2841 homines,
1563 2795 1631 2844 qui

124 2860 329 2909 naufragio
361 2861 491 2898 omnia
516 2861 794 2911 perdidissent,
828 2866 896 2900 aut
928 2864 1083 2901 elautos
1116 2877 1199 2901 esse
1231 2867 1300 2900 aut
1331 2863 1496 2900 elavisse
1529 2863 1630 2900 dice-
