1926 3275
139 363 183 410 V,
196 367 229 410 2,
242 367 388 401 34—-46,
401 366 445 400 50
803 365 984 400 Asinaria.
1567 371 1586 409 1
1595 371 1617 409 3
1624 371 1646 409 3

715 491 1071 533 Demaenetus

700 563 793 617 Ego
826 578 880 605 ne
912 567 962 605 ut
991 577 1079 605 non
1111 562 1237 605 domo
1269 563 1395 605 uxori
1425 577 1548 606 meae
1579 571 1648 605 875

141 634 389 688 Subripiam
426 634 472 675 in
509 634 677 676 deliciis
716 635 882 689 pallam
920 649 1052 688 quam
1081 634 1216 676 habet
1247 639 1379 688 atque
1412 636 1468 678 ad
1498 640 1541 678 te
1573 636 1647 678 de-

1098 706 1248 758 feram,

140 777 237 819 Non
269 777 424 831 edepol
455 776 640 819 conduci
670 791 848 831 possum
878 779 972 820 uita
1002 779 1149 820 uxoris
1183 792 1339 820 annua.

752 850 1033 892 Parasitus

142 920 311 962 Censen
334 923 383 962 tu
406 920 530 961 illum
552 919 681 962 hodie
706 921 895 974 primum
917 921 981 962 ire
1005 921 1234 964 adsuetum
1259 937 1352 965 esse
1373 923 1417 964 in
1434 925 1648 976 ganeum?

754 991 1044 1034 Artemona

140 1064 220 1106 Ille
252 1067 429 1106 ecastor
459 1063 712 1117 suppilabat
742 1078 823 1115 me,
855 1064 971 1117 quod
1003 1064 1185 1105 ancillas
1216 1078 1337 1106 meas

141 1135 404 1190 Suspicabar
436 1139 568 1190 atque
598 1135 782 1177 insontis
812 1136 995 1177 miseras
1028 1136 1293 1178 cruciabam.

726 1207 764 1248 A
772 1221 794 1248 r
803 1221 829 1261 g
838 1222 864 1262 y
874 1222 896 1248 r
905 1208 954 1262 ip
965 1222 993 1261 p
1003 1223 1031 1249 u
1041 1222 1060 1249 s

1309 1264 1451 1317 Pater,
1581 1272 1648 1305 880

140 1335 247 1378 Iube
279 1335 376 1377 dari
405 1335 555 1376 uinum
565 1351 574 1387 3
611 1335 700 1377 iam
731 1335 894 1377 dudum
924 1335 1134 1377 factumst
1164 1350 1296 1389 quom
1327 1337 1513 1390 primum
1543 1337 1647 1378 bibi.

717 1407 755 1448 D
767 1422 789 1449 e
799 1422 841 1448 m
853 1421 878 1448 a
888 1421 909 1448 e
920 1422 947 1448 n
959 1422 980 1448 e
992 1410 1046 1448 tu
1057 1421 1076 1448 s

141 1479 219 1531 Da,
250 1492 397 1534 puere‚
428 1477 483 1520 ab
510 1492 676 1520 summo
687 1494 696 1530 3
728 1492 821 1531 age,
845 1483 894 1520 tu
917 1478 1093 1520 interibi
1117 1478 1172 1520 ab
1196 1477 1360 1521 insumo
1386 1478 1442 1521 da
1466 1479 1646 1521 sauium.

754 1550 791 1591 A
799 1554 847 1592 rt
858 1565 879 1592 e
890 1565 931 1591 m
943 1564 965 1592 o
977 1565 1004 1591 n
1016 1564 1042 1592 a

141 1622 257 1664 Perii
286 1622 464 1673 misera3
495 1625 545 1663 ut
576 1621 801 1663 osculatur
832 1621 1051 1674 carnufeX‚
1082 1622 1228 1676 capuli
1260 1622 1311 1664 de
1317 1636 1402 1664 cus.

719 1693 756 1734 D
768 1707 790 1734 e
800 1708 842 1734 m
852 1707 878 1734 a
888 1707 909 1734 e
919 1708 948 1734 n
959 1707 980 1735 e
989 1697 1044 1735 tu
1055 1708 1074 1735 s

141 1763 311 1819 Edepol
343 1764 533 1806 animam
562 1765 810 1807 suauiorem
842 1765 1069 1818 aliquanto
1102 1779 1232 1819 quam
1263 1764 1410 1806 uxoris
1442 1777 1578 1805 meae.

724 1836 756 1877 P
766 1837 795 1878 h
806 1837 842 1877 il
853 1850 878 1877 a
888 1851 910 1878 e
922 1852 949 1877 n
961 1837 974 1877 i
984 1851 1012 1877 u
1022 1851 1064 1877 m

142 1908 223 1949 Dic
255 1908 424 1960 amabo,
458 1921 515 1949 an
545 1907 681 1950 foetet
711 1909 859 1949 anima
888 1908 1036 1950 uxoris
1068 1908 1200 1950 tuae?

718 1979 756 2020 D
768 1994 790 2021 e
799 1994 841 2020 m
852 1994 878 2021 a
887 1994 909 2021 e
920 1995 948 2020 n
960 1993 982 2021 e
992 1983 1010 2020 t
1020 1994 1048 2021 u
1058 1993 1077 2022 s

1213 2050 1427 2092 Nauteam
1580 2056 1647 2090 885

143 2121 301 2164 Bibere
332 2121 492 2174 malim,
524 2123 560 2163 si
590 2136 819 2165 necessum
851 2123 918 2175 sit,
951 2137 1081 2177 quam
1111 2122 1233 2164 illam
1264 2121 1512 2163 oscularier.

728 2194 760 2235 P
770 2194 822 2235 hi
833 2194 881 2235 la
892 2208 913 2236 e
923 2195 1012 2235 niu
1022 2209 1063 2235 m

143 2265 274 2307 Miser
305 2269 478 2307 ecastor
510 2279 569 2307 es.

754 2336 1043 2378 Artemona

583 2406 769 2449 Ecastor
801 2407 955 2460 dignus
987 2412 1065 2449 est.

728 2478 1061 2532 Argyrippus

1094 2550 1207 2601 Quid
1238 2551 1315 2602 ais,
1348 2552 1505 2604 pater?

142 2620 312 2675 Ecquid
344 2625 528 2662 matrem
559 2620 712 2661 amas?

719 2692 1074 2735 Demaenetus

603 2763 752 2816 Egone
784 2765 931 2805 illam?
964 2765 1088 2806 Nunc
1120 2778 1230 2815 amo,
1262 2765 1364 2819 quia
1394 2779 1479 2807 non
1511 2766 1646 2807 adest.

234 2876 304 2910 880
340 2875 548 2910 cruciebam
650 2877 715 2909 881
756 2876 843 2910 darc
937 2879 1003 2911 885
1037 2878 1167 2921 legitur
1191 2881 1281 2921 post
1313 2878 1396 2911 894.
1493 2878 1560 2911 886
1592 2880 1648 2911 cst

144 2932 301 2966 888—91
328 2933 496 2976 leguntur
513 2936 604 2976 post
628 2934 712 2967 885.
