1926 3275
318 347 341 384 9
348 348 370 385 6
1003 339 1122 372 Plauti
1573 337 1618 380 Π,
1632 339 1664 380 2,
1679 338 1812 371 57—68

947 464 1181 506 Leonida

316 540 438 589 Hem,
470 539 555 579 ista
584 538 724 579 uirtus
756 541 832 588 est⁷
866 536 1038 589 quando
1070 539 1204 588 usust,
1237 536 1310 590 qui
1334 534 1497 576 malum
1520 534 1604 576 fert
1626 532 1810 576 fortiter.

317 611 507 652 Fortiter
537 608 697 650 malum
729 609 801 662 qui
832 609 1006 662 patitur,
1039 608 1153 649 idem
1185 611 1283 661 post
1314 608 1480 661 potitur
1509 607 1683 648 bonum.

951 679 1042 720 Lib
1054 694 1079 720 a
1088 695 1116 720 n
1125 694 1153 720 u
1163 694 1182 719 s

317 755 429 804 Quin
460 768 551 794 rem
582 756 778 793 actutum
809 751 1037 792 edisseris?
1069 750 1205 804 Cupio
1237 751 1398 792 malum
1429 749 1682 791 nanciscier.

948 823 982 863 L
993 837 1014 864 e
1026 837 1048 864 o
1058 823 1148 863 nid
1158 837 1183 863 a

317 896 493 938 Placide
540 909 640 948 ergo
681 909 813 935 unum
855 895 1065 949 quidquid
1100 895 1263 948 rogita,
1302 898 1352 934 ut
1390 893 1688 948 adquiescam3
1726 904 1814 931 non

1272 966 1395 1007 uides

316 1039 384 1080 Me
417 1053 468 1080 ex
500 1052 679 1079 cursura
710 1038 950 1079 anhelitum
982 1038 1114 1078 etiam
1140 1037 1327 1078 ducere?

947 1109 981 1150 L
990 1110 1005 1150 i
1014 1110 1041 1150 b
1053 1124 1078 1150 a
1087 1125 1115 1150 11
1124 1125 1153 1150 11
1164 1124 1182 1150 s

1261 1181 1352 1232 Age
1384 1194 1477 1233 age,
1509 1194 1709 1222 mansero
1749 1186 1816 1219 325

319 1254 410 1295 Tuo
443 1253 671 1304 arbitratu,
701 1252 771 1294 uel
803 1253 911 1294 adeo
943 1267 1079 1307 usque
1112 1253 1213 1294 dum
1243 1253 1372 1306 peris.

950 1325 983 1365 L
995 1339 1016 1366 e
1029 1339 1051 1366 o
1061 1324 1149 1365 nid
1159 1338 1185 1365 a

1383 1379 1614 1421 Ubinamst
1645 1379 1773 1421 erus?

950 1452 1183 1493 Libanus

318 1525 457 1565 Maior
488 1524 603 1578 apud
633 1523 828 1576 forumst,
860 1525 1000 1565 minor
1031 1524 1100 1564 hic
1132 1527 1197 1565 est
1227 1524 1355 1565 intus.

949 1596 982 1636 L
994 1610 1015 1637 e
1027 1610 1050 1636 o
1062 1595 1151 1636 nid
1162 1609 1186 1636 a

1351 1651 1444 1692 Iam
1474 1651 1576 1692 satis
1608 1654 1674 1692 est
1698 1650 1815 1691 mihi,

954 1723 1046 1764 Lib
1057 1737 1082 1764 a
1092 1738 1120 1763 n
1129 1738 1157 1763 u
1167 1737 1185 1764 s

320 1796 427 1836 Tum
457 1796 589 1848 igitur
617 1798 666 1836 tu
698 1795 817 1836 diues
850 1809 895 1835 es
925 1795 1066 1836 factus
1078 1796 1097 1835 P

950 1866 982 1906 L
995 1881 1015 1907 e
1029 1881 1051 1907 o
1062 1867 1150 1907 nid
1162 1881 1187 1907 a

1112 1939 1236 1979 Mitte
1268 1937 1533 1978 ridicularia.

952 2008 986 2048 L
996 2008 1009 2048 i
1019 2008 1045 2048 b
1057 2023 1082 2049 a
1091 2023 1119 2049 n
1129 2024 1157 2049 u
1167 2024 1185 2050 s

321 2079 447 2120 Mitto
459 2095 467 2131 3
498 2080 609 2120 istuc
640 2079 756 2132 quod
788 2077 930 2119 adfers
962 2093 1087 2120 aures
1120 2084 1353 2133 expectant
1383 2094 1517 2121 meae.

951 2150 984 2190 L
996 2164 1017 2191 e
1029 2165 1052 2192 o
1062 2151 1150 2192 nid
1161 2165 1187 2192 a

320 2221 520 2261 Animum
552 2220 746 2272 aduorte,
778 2225 825 2262 ut
856 2234 992 2275 aeque
1024 2236 1194 2262 mecum
1224 2222 1330 2263 haec
1362 2223 1486 2263 scias.

955 2293 1186 2334 Libanus

1466 2350 1622 2391 Taceo.

950 2420 983 2460 L
995 2433 1017 2460 e
1029 2420 1150 2461 onid
1162 2434 1188 2461 a

1599 2476 1724 2518 Beas.
1750 2482 1818 2516 330

321 2545 609 2587 Meministine
641 2546 784 2588 asinos
816 2547 1051 2588 Arcadicos
1083 2549 1315 2589 mercatori
1345 2549 1490 2590 Pelleo

322 2616 523 2657 Nostrum
555 2617 743 2658 uendere
775 2619 1039 2659 atriensem?

955 2690 1187 2731 Libanus

1060 2762 1252 2814 Memini3
1286 2762 1390 2816 quid
1421 2766 1512 2803 tum
1542 2763 1723 2816 postea?

414 2902 479 2932 322
504 2904 588 2942 post
612 2900 751 2942 patitur
776 2901 914 2935 bonum
1007 2904 1073 2936 324
1098 2904 1214 2947 quisq.
1242 2904 1412 2948 der-›gita
1504 2906 1567 2939 331
1595 2904 1732 2938 Pellaeo
