1926 3275
114 1528 207 1566 tum
237 1538 391 1578 parere
431 1525 551 1566 iussi.
613 1525 694 1566 Illa
732 1529 859 1567 aetate
898 1525 1035 1566 mult-a
1072 1525 1264 1566 nondum
1303 1525 1409 1566 satis
1447 1524 1618 1565 firmata

114 1615 249 1657 fuisse
280 1615 504 1666 videntur,
538 1615 675 1657 multa
706 1630 879 1670 quoque
911 1617 1112 1668 ignorare
1143 1630 1220 1657 nos
1253 1615 1402 1666 credo,
1433 1615 1618 1655 maxime

114 1706 158 1747 in
188 1720 235 1747 re
266 1706 467 1757 metrica,
500 1720 595 1759 quae
627 1720 827 1760 magnam
859 1711 1030 1760 partem
1070 1721 1166 1747 cum
1205 1707 1483 1759 antiquorum
1518 1720 1617 1759 pro-

114 1797 345 1838 nuntiandi
375 1797 542 1838 ratione
575 1797 808 1838 coniuncta
841 1801 918 1838 est.
982 1797 1123 1846 Quare
1159 1796 1233 1837 ubi
1266 1810 1419 1838 sensus
1450 1797 1618 1849 integer

115 1891 242 1938 esset,
273 1887 348 1928 ubi
380 1887 519 1928 oratio
551 1888 654 1929 vitio
687 1891 866 1938 careret,
898 1902 1177 1929 numerorum
1201 1888 1415 1941 asperitas
1439 1886 1618 1928 ferenda

114 1978 364 2029 videbatur,
417 1992 492 2029 ne,
548 1978 649 2020 dum
702 1978 870 2020 minora
917 1979 1020 2020 vitia
1064 1992 1284 2019 removere
1331 1991 1530 2028 conarer,
1575 1977 1618 2018 in

115 2069 282 2110 maiora
326 2069 615 2119 incurrerem,
673 2068 910 2119 „festucam
964 2073 1164 2122 spectans
1210 2069 1253 2109 in
1300 2068 1426 2110 oculo
1472 2067 1618 2109 fratris

115 2160 211 2212 mei,
241 2159 412 2202 trabem
444 2161 488 2201 in
520 2174 614 2201 meo
646 2173 732 2201 non
763 2160 1152 2201 aniinaclve1·tens“.
1202 2159 1326 2209 Quod
1363 2163 1508 2200 ailtem
1534 2173 1619 2199 11011

117 2249 257 2291 solum
283 2254 451 2292 textum
478 2250 667 2304 aliquem
691 2250 993 2291 Plautinarum
1019 2250 1331 2292 comoediarum
1356 2249 1618 2311 coustituere

116 2344 295 2381 conatus
327 2355 434 2392 sum,
467 2341 543 2382 sed
575 2341 705 2382 ctiam
737 2341 968 2383 enarrandi
1001 2355 1107 2395 opus
1142 2341 1332 2394 suscepi,
1364 2354 1450 2381 11011
1483 2340 1618 2381 doctis

116 2430 219 2471 solis
258 2430 483 2472 consulere
522 2431 656 2483 volui,
697 2431 771 2473 sed
811 2431 1028 2473 tironibus
1069 2445 1240 2485 (1110(1110
1280 2435 1322 2472 et
1360 2431 1429 2482 iis,
1469 2431 1503 2471 si
1546 2430 1619 2483 qui

118 2521 248 2562 animi
280 2534 414 2562 causa
443 2521 648 2563 Plautum
680 2521 836 2564 lecturi
870 2527 1026 2563 essent.
1081 2521 1130 2562 In
1162 2536 1249 2574 qua
1280 2521 1450 2562 consilii
1482 2520 1620 2574 dupli-

118 2611 270 2662 citate,
303 2611 402 2652 dum
435 2626 531 2665 quae
564 2611 661 2654 aliis
693 2613 1001 2666 impedimento
1033 2612 1210 2653 fuerunt
1241 2612 1443 2674 expedire
1476 2625 1618 2661 conor,

118 2702 313 2755 quamvis
366 2716 536 2755 semper
581 2702 806 2744 brevitatis
853 2703 1074 2744 studiosus
1121 2702 1293 2753 fuerim,
1341 2706 1484 2743 tamen
1534 2715 1617 2741 11011

119 2791 223 2832 nihil
256 2806 424 2843 vereor,
458 2807 510 2833 ne
545 2792 691 2834 multis
730 2793 868 2835 multa
908 2793 1130 2834 abundare
1177 2793 1416 2834 videantur.
1478 2792 1618 2843 Atqu<-

119 2882 286 2922 utinam
324 2882 432 2922 nihil
473 2882 589 2923 aliud
632 2884 672 2924 in
714 2883 794 2923 hoe,
834 2898 961 2937 opero
1012 2883 1269 2936 reprehendi
1312 2883 1449 2936 possit
1491 2896 1616 2935 quam
