1926 3275
272 303 322 339 56

954 291 1075 323 Plauti
1456 290 1518 331 III,
1539 292 1567 332 1,
1586 291 1704 330 13—2‚
1722 290 1763 322 17

326 420 450 460 Nunc
482 418 833 471 Amphitruonem
868 419 1035 465 memet,
1067 419 1116 455 ut
1147 413 1296 466 occepi
1328 414 1472 465 semel,

327 491 432 531 Esse
467 488 734 530 adsimulabo
767 491 896 539 atque
927 487 970 526 in
1000 486 1155 526 horum
1186 483 1392 525 familiam

328 560 668 602 Frustrationem
702 558 829 599 hodie
861 558 1033 598 iniciam
1064 570 1321 597 maxumam.

327 633 431 673 Post
461 632 591 684 igitur
623 629 792 670 demum
822 628 978 669 faciam
1008 642 1078 669 res
1109 628 1185 668 fiat
1216 628 1370 681 palam,

327 705 468 758 Atque
492 702 752 742 Alcumenae
783 701 827 741 in
857 704 1051 753 tempore
1083 699 1292 740 auxilium
1318 699 1466 752 feram,
1697 702 1765 735 870

330 775 587 826 Faciamque
618 776 666 813 ut
696 786 780 813 uno
812 771 902 812 fetu
935 775 978 812 et
1009 770 1125 824 quod
1158 771 1382 824 grauidast
1411 772 1507 813 uiro

329 846 386 887 Et
415 860 482 886 me
513 844 629 898 quod
659 843 883 896 grauidast
914 844 1056 896 pariat
1087 843 1178 884 sine
1211 842 1443 884 doloribus.

328 917 588 958 Mercurium
619 915 723 955 iussi
754 928 821 955 me
853 915 1056 955 continuo
1090 915 1306 967 consequi,

331 987 480 1040 Siquid
511 986 668 1028 uellem
698 987 925 1039 imperare.
972 986 1095 1026 Nunc
1126 986 1238 1026 hanc
1269 985 1494 1039 adloquar.

687 1240 1009 1282 ALCUMENA.
1069 1241 1348 1283 IUPPITER.

878 1341 1165 1383 Alcumena

330 1417 496 1457 Durare
529 1429 695 1468 nequeo
727 1414 771 1454 in
803 1413 1002 1465 aedibus3
1032 1414 1095 1454 ita
1125 1428 1192 1455 me
1225 1414 1385 1467 probri,
1699 1418 1767 1451 875

329 1487 487 1540 Stupri,
523 1486 745 1527 dedecoris
778 1499 803 1526 a
832 1485 926 1525 uiro
959 1488 1157 1536 argutam
1188 1486 1304 1526 meo!

327 1559 391 1599 Ea
423 1572 533 1612 quae
565 1561 663 1598 sunt
693 1556 811 1597 facta
840 1555 1001 1596 infecta
1033 1570 1123 1597 esse
1154 1557 1299 1608 instat,
1332 1557 1545 1609 clamitat3

329 1631 447 1680 Quae
479 1642 617 1682 neque
649 1631 749 1668 sunt
779 1626 897 1667 facta
927 1641 1066 1680 neque
1099 1642 1176 1680 ego
1209 1629 1252 1668 in
1284 1644 1350 1670 me
1382 1630 1549 1680 admisi,
1581 1632 1737 1684 arguit,

329 1702 469 1754 Atque
502 1700 545 1740 id
576 1714 641 1739 me
674 1713 828 1751 susque
861 1698 999 1752 deque
1032 1713 1125 1740 esse
1158 1700 1406 1741 habitura-m
1438 1706 1575 1754 putat.

328 1773 423 1812 Non
456 1771 608 1824 edepol
639 1770 794 1810 faciam
826 1784 966 1822 neque
998 1784 1064 1810 me
1095 1772 1315 1823 perpetiar
1345 1773 1494 1824 probri
1699 1775 1767 1808 880

327 1843 454 1883 Falso
486 1841 789 1892 insimulatam,
822 1841 924 1894 quin
958 1855 1035 1894 ego
1067 1841 1188 1882 illum
1220 1847 1296 1884 aut
1327 1843 1524 1885 deseram

327 1915 413 1955 Aut
445 1915 549 1955 satis
581 1912 714 1953 faciat
745 1912 849 1953 1111111
880 1912 952 1953 ille
984 1917 1114 1965 atque
1147 1913 1318 1955 adiuret
1349 1916 1536 1969 insuper,

327 1985 451 2026 Nolle
485 1999 576 2025 esse
609 1984 726 2024 dicta
758 1997 867 2036 quae
898 1984 942 2024 in
974 1998 1040 2025 me
1071 1985 1287 2026 insontem
1321 1987 1515 2039 protulit.

898 2055 1142 2108 Iuppiter

326 2126 358 2166 F
363 2126 637 2166 aciundumst
668 2125 771 2166 mihi
802 2125 920 2176 illud,
952 2125 1046 2167 fieri
1079 2127 1193 2180 quod
1224 2127 1352 2168 illaec
1383 2130 1586 2181 postulat,

326 2197 369 2237 Si
401 2211 465 2236 me
497 2196 614 2236 illam
647 2200 864 2237 amantem
896 2197 952 2238 ad
984 2212 1078 2239 sese
1111 2199 1308 2240 studeam
1338 2201 1546 2253 recipere,
1699 2208 1766 2241 885

327 2267 506 2317 Quando
540 2281 618 2319 ego
651 2268 765 2319 quod
797 2268 878 2309 feci
909 2268 1071 2310 factum
1105 2269 1184 2322 [id]
1217 2270 1524 2324 Amphitruoni
1556 2271 1679 2313 offuit

328 2339 468 2391 Atque
500 2339 563 2378 illi
597 2339 755 2379 dudum
787 2354 905 2380 meus
937 2354 1057 2381 amor
1088 2343 1310 2393 negotium

328 2409 490 2450 Insonti
523 2409 728 2461 exhibuit,
761 2426 874 2451 nunc
906 2416 1050 2453 autem
1082 2413 1243 2454 insonti
1275 2414 1379 2455 mihi

328 2480 445 2520 Illius
478 2481 542 2520 ira
573 2481 615 2521 in
646 2481 757 2521 hanc
789 2485 831 2522 et
863 2483 1097 2524 maledicta
1128 2489 1345 2537 expetent.

879 2554 1163 2596 Alcumena

330 2621 386 2661 Et
417 2635 563 2661 eccum
595 2623 733 2673 uideo,
766 2624 839 2676 qui
870 2639 935 2665 mc
968 2625 1169 2666 miseram
1201 2628 1345 2680 arguit
1697 2628 1765 2661 390

333 2692 492 2745 Stupri,
524 2692 759 2734 dedecoris.

367 2846 432 2876 1568
461 2844 601 2876 initium
695 2847 762 2879 570
786 2847 1006 2881 Alemuaene
1101 2851 1168 2882 &77
1194 2850 1368 2884 infectare
1393 2854 1458 2885 est.
1485 2854 1524 2884 at
1609 2852 1676 2884 887
1701 2852 1763 2884 ille
