1926 3275
130 301 158 345 Ι,
178 303 207 345 1,
222 302 403 335 220-230
763 298 998 342 Amphitruo.
1345 308 1353 317 ¹*
1581 302 1634 340 23

735 425 780 466 M
791 439 812 466 e
821 439 843 466 1·
854 438 876 466 c
885 439 914 465 u
922 423 1005 465 riu
1016 437 1034 465 s

814 497 962 538 Etiam
993 495 1166 548 clamas,
1199 494 1434 538 carnufex?

130 573 342 627 Loquere,
374 570 479 626 quid
508 570 698 612 uenisti?

809 640 835 682 S
848 655 870 682 o
883 640 960 681 sia

736 713 797 755 Ut
828 717 942 754 esset
951 747 960 764 ,
993 727 1121 767 quem
1151 717 1200 755 tu
1231 714 1385 767 pugnis
1417 714 1633 756 caederes.

736 786 1030 827 Mercurius

133 845 295 895 Quoius
327 845 402 886 es?

812 915 838 957 S
852 930 874 957 0
885 915 927 956 si
938 929 964 956 a

434 988 764 1043 Amphitruonis
794 988 972 1042 inquam
1003 987 1140 1030 Sosia.

739 1061 782 1102 M
793 1074 815 1102 e
824 1075 846 1101 r
857 1074 878 1102 c
887 1075 916 1102 u
925 1075 946 1101 r
955 1061 1005 1101 iu
1015 1074 1033 1101 s

1162 1117 1278 1170 Ergo
1310 1117 1421 1158 istoc
1451 1117 1602 1171 magis,

136 1190 246 1241 Quia
275 1190 548 1244 uanflocus's‚
579 1190 821 1245 uapulabis.
868 1189 960 1243 Ego
993 1204 1098 1242 sum,
1130 1205 1216 1231 non
1248 1194 1307 1241 tu,
1341 1189 1476 1232 Sosia.
1573 1196 1641 1229 375

814 1262 966 1304 Sosia

136 1335 204 1377 Ita
236 1335 278 1377 di
308 1334 484 1388 faciant,
517 1338 567 1377 ut
598 1339 646 1377 tu
677 1336 822 1390 potius
853 1335 909 1376 sis
942 1338 1074 1389 atque
1106 1348 1183 1388 ego
1215 1338 1258 1375 te
1290 1337 1339 1375 ut
1369 1334 1610 1376 uerberem.

742 1408 784 1449 M
797 1422 818 1448 e
828 1422 849 1449 r
861 1421 882 1449 c
892 1422 920 1449 u
930 1422 951 1448 r
961 1408 975 1448 i
984 1422 1012 1448 u
1022 1421 1040 1448 s

136 1464 282 1505 Etiam
312 1465 492 1506 muttis‘?

814 1537 965 1579 Sosia

511 1608 604 1650 Iam
634 1608 804 1651 tacebo.

745 1680 1040 1722 Mercurius

826 1752 931 1802 Quis
963 1752 1044 1793 tibi
1076 1752 1227 1794 erust‘?

819 1831 845 1873 S
858 1846 880 1872 o
893 1832 970 1873 sia

1261 1888 1396 1937 Quem
1428 1890 1476 1927 tu
1506 1885 1641 1926 uoles.

745 1961 1043 2003 Mercurius

143 2034 256 2084 Quid
286 2034 448 2088 igitur?
481 2034 555 2088 qui
586 2047 700 2075 nunc
731 2033 920 2075 uocare?

821 2105 973 2147 Sosia

937 2177 1073 2218 Nemo
1105 2176 1189 2217 nisi
1220 2189 1347 2229 quem
1377 2174 1564 2216 iusseris.

744 2249 1044 2291 Mercurius

141 2322 468 2375 Amphitruonis
502 2326 544 2364 te
578 2336 671 2364 esse
704 2322 854 2363 aiebas
887 2322 1069 2363 Sosiam.

818 2394 844 2436 S
857 2408 879 2435 0
893 2408 911 2434 s
922 2394 935 2433 i
946 2408 971 2434 a

1101 2449 1409 2497 Peccaueram3

142 2522 252 2564 Nam
284 2522 612 2577 Amphitruonis
644 2523 809 2564 socium
840 2536 954 2563 nunc
985 2536 1051 2562 1110
1084 2535 1177 2563 esse
1209 2520 1330 2562 uolui
1362 2519 1517 2560 dicere.
1578 2524 1645 2557 380

746 2594 1043 2636 Mercurius

145 2666 318 2708 Scibam
351 2667 551 2721 equidem
581 2667 746 2708 nullum
779 2680 873 2707 esse
906 2664 1032 2706 nobis
1063 2664 1147 2705 nisi
1174 2677 1239 2704 me
1265 2677 1436 2705 seruom
1462 2661 1639 2704 Sosiam.

143 2738 272 2792 Fugit
302 2744 344 2781 te
377 2740 502 2781 ratio.

234 2840 300 2873 373
324 2838 508 2882 Eloquere
579 2835 727 2870 cederes
810 2837 875 2869 375
902 2835 1120 2878 uaniloquus
1205 2835 1270 2867 379
1296 2833 1417 2866 alebas
1497 2833 1563 2865 380
1589 2842 1643 2864 so-

144 2896 240 2930 cium
266 2907 311 2929 ne
336 2906 394 2929 me
487 2895 551 2929 381
580 2893 747 2927 Sciebam
