1926 3275
0 1737 1 1764 l

0 1766 2 1795 l

743 278 785 313 V.
814 279 1001 313 169—179.
1544 283 1625 321 253

121 409 162 445 in
194 408 335 458 quibus
366 421 451 445 voc.
490 406 662 454 „uerna“
698 421 838 457 parum
870 408 1056 444 Plautino
1098 420 1203 444 more
1245 409 1451 457 repetitur.
1513 407 1624 445 Rost.

123 479 162 513 et
191 476 322 514 Holtz.
356 476 543 514 viderunt
574 490 596 513 a
626 489 733 513 voco.
769 472 871 514 Sum
902 486 1001 514 ‘nero
1029 475 1150 513 Sosiae
1182 488 1401 512 sermonem
1436 476 1626 525 incipien-

123 545 214 582 dum
248 559 350 592 esse,
385 544 453 582 sed
483 548 624 581 neuter
654 545 781 581 locum
816 545 1051 594 explicavit,
1084 543 1317 580 Fleckeisen
1348 544 1504 581 deinum
1528 544 1629 581 vidit

121 615 161 650 in
192 626 274 650 voc.
308 624 439 651 uerna
471 614 613 650 vitium
646 626 750 660 esse3
783 627 826 650 ac
858 613 1017 650 videtur
1044 626 1136 649 sane
1162 612 1242 648 haec
1267 625 1345 649 vox
1370 626 1417 649 ex
1439 613 1628 650 memoria

123 683 341 731 superioris
373 695 508 719 versus
540 683 758 730 irrepsisse.
820 682 857 718 Is
888 692 985 719 uere
1016 681 1192 730 scripsit,
1233 681 1340 730 quod
1379 694 1498 730 quum
1536 685 1628 730 post

127 748 270 796 „uero“
306 763 444 800 parum
486 750 684 798 placeret,
726 763 796 786 nos
828 750 993 799 propius
1025 763 1046 786 a
1077 749 1191 786 codd.
1224 760 1350 787 uerus
1388 750 1626 799 scripsimus.

123 818 235 855 Sosia
282 832 322 855 se
368 820 453 868 ipse
498 831 636 854 verum
681 818 939 854 verberonem
987 831 1088 864 esse,
1129 819 1153 854 i.
1188 832 1219 854 e.
1260 831 1350 854 vere
1396 818 1627 855 verberibus

123 886 283 936 dignum
332 900 416 924 esse
464 886 579 932 dicit,
621 887 769 935 quippe
810 887 877 935 qui
916 898 992 922 non
1032 890 1146 923 antea
1185 886 1259 923 diis
1299 887 1449 933 gratias
1489 887 1625 934 egerit.

122 954 311 1003 Sequitur
342 955 380 991 in
415 954 547 991 codd:
581 949 709 991 Nmzc
739 964 838 991 uero
868 951 973 991 mihi
1003 952 1049 991 2722.
1079 955 1256 992 mentem
1286 951 1383 1004 fuit,
1421 967 1506 1004 quae
1538 958 1629 1003 post

124 1023 287 1059 alteram
321 1024 563 1059 sententiam
596 1036 618 1059 a
651 1018 752 1060 Sum
786 1032 884 1059 ¹uero
915 1023 1169 1072 incipientem
1208 1023 1303 1059 ferri
1342 1035 1419 1059 non
1450 1026 1626 1071 possunt,

122 1093 163 1128 in
193 1092 391 1141 principio
425 1092 616 1128 orationis
649 1090 769 1127 Sosiae
801 1094 906 1127 recte
939 1104 979 1127 se
1010 1091 1216 1137 haberent,
1250 1104 1371 1139 quare
1395 1091 1481 1137 fuit,
1509 1105 1627 1141 quum

123 1159 398 1196 antecedentia
431 1155 535 1196 Sum
565 1170 603 1196 u.
632 1170 670 1196 u.
699 1155 870 1197 uerrbf’ro
896 1159 1064 1196 delenda
1089 1172 1171 1196 esse
1195 1162 1387 1208 putarem.
1432 1159 1627 1205 Quoniam

122 1240 228 1273 vero,
255 1227 358 1263 unde
385 1228 463 1264 tale
496 1227 815 1264 additamentum
846 1229 953 1264 nasci
986 1229 1174 1276 potuerit,
1209 1241 1287 1265 non
1310 1228 1560 1275 intelligitur,
1587 1229 1626 1264 in

122 1309 227 1332 voco.
253 1292 381 1333 Num}
412 1306 508 1333 uero
539 1296 681 1332 vitium
714 1295 966 1345 quaerendum
1001 1300 1072 1343 est,
1107 1296 1212 1345 quod
1244 1295 1478 1333 confirmant
1510 1297 1626 1333 etiam

123 1363 222 1401 Gell.
240 1364 269 1410 I,
291 1365 326 1410 7,
350 1365 398 1401 l7
425 1368 462 1400 et
483 1364 634 1401 Nonius
659 1378 697 1414 p.
719 1366 811 1411 352,
838 1366 906 1414 qui
930 1375 1101 1402 numero
1126 1364 1320 1412 legerunt.
1364 1364 1629 1401 Adsciverunt

122 1432 195 1470 hoc
221 1432 414 1469 editorum
441 1433 632 1481 plerique,
665 1432 791 1479 „cito“
821 1434 1130 1482 interpretantes
1155 1436 1223 1469 aut
1251 1431 1455 1479 „subito‘⁴;
1483 1432 1626 1469 Linde-

122 1514 238 1537 mann
263 1502 379 1537 etiam
410 1502 626 1550 „apposite,
659 1500 924 1550 op]]Oi'tU11e“.
966 1501 1160 1538 Neutrum
1185 1505 1309 1548 recte,
1341 1515 1433 1537 nam
1456 1511 1627 1539 memoro

122 1568 319 1616 significat
349 1570 488 1615 „nimis
514 1568 707 1615 mature“,
738 1570 927 1615 „nimium
953 1570 1045 1616 cito,
1073 1570 1255 1606 celeriter
1278 1568 1482 1616 nimium“,
1508 1573 1552 1606 ut
1571 1570 1627 1606 ait

122 1637 264 1673 Festus
281 1650 317 1685 p.
343 1638 419 1673 170
437 1637 490 1673 M.
517 1637 555 1673 Is
573 1637 698 1674 Naevii
716 1638 842 1674 locuni
863 1637 995 1674 affert:
1021 1637 1247 1682 „Neminem
1264 1637 1360 1684 uidi,
1380 1639 1447 1686 qui
1464 1651 1624 1674 numero

123 1706 257 1752 sciret,
302 1705 407 1754 quod
446 1707 586 1742 seitost
625 1704 762 1754 opus‘².
825 1706 934 1742 Alios
976 1706 1216 1742 scenicorum
1263 1709 1471 1754 poetarum
1520 1706 1625 1743 locos

122 1787 144 1810 a
173 1773 293 1810 Festo
327 1777 365 1810 et
399 1788 421 1810 a
447 1773 575 1810 Nonio
607 1773 790 1811 laudatos
822 1774 900 1810 vid.
935 1773 1039 1822 apud
1064 1773 1335 1820 Ribbeckium,
1371 1774 1452 1811 Ind.
1481 1773 1624 1811 Comic.

122 1842 211 1878 Lat.
236 1855 274 1890 p.
302 1843 401 1888 3733
435 1842 567 1878 Plauti
600 1842 679 1879 haec
711 1846 815 1888 sunt,
848 1842 933 1878 Mil.
963 1843 1089 1878 1391:
1128 1841 1265 1888 „Haud
1291 1842 1430 1888 etiam,
1463 1855 1625 1878 numero

122 1910 195 1946 hoc
221 1908 357 1946 dicis‘⁴.
400 1909 484 1947 Cas.
507 1911 606 1946 618:
639 1910 834 1956 „Numero
861 1907 997 1946 dicis“.
1039 1909 1160 1946 Mero.
1181 1911 1280 1947 727:
1315 1909 1510 1955 „Numero
1535 1923 1626 1959 pur-

122 1976 229 2026 gas“.
263 1977 367 2014 Men.
389 1979 488 2014 284:
519 1978 716 2024 „Numero
735 1979 809 2015 huc
827 1978 991 2014 aduenis
1016 1977 1064 2014 ad
1090 1976 1341 2027 prandium‘“.
1370 1978 1475 2014 Pcen.
1500 1979 1625 2015 1270:

128 2045 231 2091 „Cur
262 2059 425 2082 numero
457 2047 550 2083 estis
582 2044 782 2084 mortui‘?“
832 2047 1010 2095 Apparet
1041 2046 1148 2082 aliud
1178 2046 1215 2082 h.
1249 2046 1272 2082 l.
1306 2047 1468 2095 requiri.
1525 2046 1626 2082 Nam

125 2114 231 2163 quod
262 2114 440 2151 Lindem.
476 2118 515 2150 et
546 2115 656 2151 Rost.
692 2116 813 2160 aiunt,
849 2115 1066 2151 orationem
1100 2127 1186 2150 esse
1218 2115 1417 2160 ironicam,
1452 2116 1516 2150 vix
1548 2116 1626 2150 cui—

124 2195 241 2231 quam
271 2182 526 2232 probabitur,
567 2184 789 2232 praesertim
829 2196 947 2232 quum
987 2184 1026 2219 in
1062 2182 1385 2219 antecedentibus
1418 2182 1627 2219 admodum

124 2251 225 2287 serio
243 2249 353 2287 Sosia
378 2251 533 2287 locutus
562 2252 623 2287 sit.
672 2251 734 2287 Ad
766 2264 924 2287 sensum
957 2254 1090 2299 aptum
1124 2254 1226 2287 esset
1262 2251 1398 2297 „Nunc
1424 2250 1627 2297 (leinuni“;

124 2317 191 2354 sed
217 2319 463 2367 corruptelas
487 2319 677 2355 librorum
707 2320 945 2355 examinanti
972 2319 1055 2355 veri
1079 2318 1243 2354 similius
1268 2318 1491 2364 videbatur,
1510 2318 1627 2354 Plau-

123 2389 206 2422 tum
237 2382 364 2424 ΝΜΟ
394 2397 486 2424 sero
518 2388 733 2435 scripsisse.

242 2455 332 2491 177.
367 2452 414 2491 in
444 2455 622 2492 mentem
646 2452 742 2505 fuit,
776 2456 799 2490 i.
828 2469 859 2491 e.
888 2455 1007 2500 venit,
1035 2455 1080 2491 cf.
1109 2454 1210 2490 infra
1235 2456 1328 2490 703.
1363 2454 1501 2490 Bacch.
1525 2455 1625 2491 158:

130 2521 305 2570 „Ecquid
347 2523 385 2559 in
426 2526 636 2559 mentemst
674 2522 768 2568 tibi,
810 2525 963 2571 patrem
1004 2522 1077 2558 tibi
1116 2521 1251 2558 ‹²ssc‘.²‘'
1303 2522 1425 2559 Cicer.
1460 2522 1546 2559 Div.
1588 2523 1626 2558 in

125 2589 252 2626 Caecil.
280 2591 351 2636 20,
381 2591 451 2626 66:
498 2591 569 2637 „ab
603 2592 747 2627 exteris
784 2589 1026 2636 nationibus,
1061 2603 1146 2639 quae
1180 2591 1216 2626 in
1250 2591 1459 2627 amicitiam
1491 2591 1627 2639 populi

125 2656 169 2694 R.
204 2657 472 2707 dicionemque
506 2657 682 2704 essent&
717 2658 809 2695 alibi
847 2659 911 2695 ..in
943 2662 1177 2706 potestatem
1211 2658 1335 2704 esse‘'',
1370 2658 1447 2695 vid.
1475 2658 1572 2695 Gell.
1599 2659 1626 2705 Ι,

128 2726 163 2770 7,
201 2726 248 2761 16
282 2739 352 2774 sq.,
387 2727 451 2774 qui
486 2728 604 2762 etiam
636 2726 739 2762 hunc
770 2727 897 2763 locum
930 2730 1222 2762 commemorat.
1255 2746 1312 2751 —
1347 2727 1436 2762 179.
1470 2725 1629 2775 referre

125 2790 298 2841 qratia&
361 2793 511 2829 Plurali
557 2807 718 2830 numero
764 2794 965 2831 interdum
1012 2795 1051 2830 in
1092 2794 1152 2831 his
1193 2795 1321 2831 utitur
1354 2794 1535 2840 Plautus,
1586 2798 1628 2829 ut

128 2860 235 2896 Asin.
261 2862 358 2898 540:
393 2861 608 2906 „Perfidiae
634 2862 768 2898 laudes
795 2863 1023 2912 gratiasque
1048 2862 1235 2898 habemus
1261 2863 1400 2898 merito
1426 2868 1625 2910 iiiagiias”.
