1926 3275
239 336 320 376 402
895 330 1077 364 Asinaria.

239 466 349 512 trage
380 475 412 498 z.
446 462 513 498 lat.
540 460 606 497 Gr.
639 474 677 510 p.
713 462 762 497 63
801 458 984 509 „quoia“‚
1018 463 1136 508 atque
1166 459 1207 495 in
1237 458 1268 494 B
1298 461 1390 508 post
1421 468 1446 506 (J
1475 456 1560 495 duae
1592 458 1734 496 litterae

240 544 358 568 erasae
391 533 493 576 sunt⁷
525 533 608 566 tum
641 528 809 566 secunda
839 541 958 565 manu
990 537 1013 564 α
1044 528 1368 577 suprascriptum.
1414 525 1604 564 Fleckeis.
1642 527 1732 573 „daff-

238 597 359 636 nunt“
394 611 466 648 pro
503 595 662 644 „dant“.
687 616 743 621 —
771 597 862 633 533.
894 595 954 632 Fl.
987 596 1066 632 ed.:
1106 593 1197 641 „Set
1228 594 1259 630 si
1291 593 1354 630 hic
1385 595 1535 631 animus
1567 607 1730 644 occupa-

237 670 337 713 tust,
377 669 521 712 mater,
564 664 660 714 quid
699 663 867 701 faciam?
906 661 1069 710 mone“;
1108 675 1242 700 verum
1273 661 1371 698 nihil
1401 661 1645 700 mutandum.
1676 682 1733 688 --

242 735 331 771 534.
366 729 621 782 contemples‘.
684 732 864 769 Activam
904 731 1069 769 formam
1110 734 1150 767 et
1189 744 1235 767 ex
1266 730 1339 767 hoc
1370 733 1410 767 et
1440 743 1486 766 ex
1518 730 1605 768 aliis
1635 730 1732 768 locis

239 802 351 839 affert
380 801 532 839 Nonius
564 815 601 850 p.
636 801 736 847 4703
769 803 897 837 totum
928 813 1050 849 genus
1081 799 1273 836 tractavit
1303 797 1454 835 Gellius
1481 797 1630 847 XVIII,
1668 799 1729 835 12.

238 871 283 907 cf.
305 869 352 906 ad
369 870 509 919 Amph.
531 870 622 906 818.
666 868 827 906 Sensum
854 869 908 905 sic
933 868 1103 918 explicat
1118 866 1318 904 Lambin.:
1350 865 1507 913 „Meum
1532 869 1648 915 caput
1672 866 1730 903 fac

238 938 525 988 contempleris,
546 937 651 987 quod
668 950 803 973 canum
823 940 892 983 est,
911 939 949 972 et
972 935 1032 972 fac
1057 936 1203 983 cogites
1230 935 1327 980 fore,
1353 938 1397 971 ut
1419 937 1462 970 tu
1489 947 1645 983 quoque
1670 947 1730 971 ca-

237 1020 388 1053 11030113,
420 1019 554 1056 quare,
589 1005 680 1042 dum
709 1008 823 1041 {etate
847 1005 1004 1053 integra
1028 1017 1079 1050 es,
1105 1004 1184 1040 tuis
1208 1003 1428 1040 rationibus
1453 1000 1651 1039 consule“.
1676 1022 1732 1026 —

240 1076 330 1111 535.
365 1072 508 1123 Opilio,
550 1074 678 1110 ovium
718 1076 872 1122 pastor,
914 1073 981 1121 qui
1021 1072 1214 1121 producta
1251 1072 1380 1120 prima
1419 1070 1544 1120 upilio
1586 1069 1732 1107 dicitur

237 1142 342 1192 apud
359 1143 474 1190 Verg.
492 1142 583 1179 Buc.
607 1142 668 1187 10,
693 1142 752 1178 19.
781 1161 837 1165 —
865 1142 956 1178 536.
980 1137 1250 1189 peculim-em,
1284 1152 1368 1189 quae
1401 1139 1460 1176 sui
1490 1138 1635 1187 peculii
1654 1139 1728 1184 sit,

238 1211 283 1246 of.
316 1210 404 1247 Aul.
438 1211 517 1246 457
550 1223 626 1259 sq.:
673 1209 821 1257 „gallus
852 1209 1107 1258 gallinaceus,
1143 1209 1210 1257 qui
1242 1211 1326 1244 erat
1357 1207 1446 1244 anui
1477 1204 1728 1256 peculia1·is“.

236 1278 341 1315 Pers.
376 1279 467 1315 202.
499 1298 556 1302 -—-
585 1288 712 1326 spem,
745 1277 818 1318 sibi
850 1280 1036 1326 ereptam,
1069 1275 1253 1322 fractam3
1286 1289 1375 1312 nam
1407 1275 1481 1311 nisi
1512 1274 1728 1320 fefellisset,

238 1346 379 1383 solatio
426 1359 501 1382 non
548 1359 644 1394 opus
692 1348 787 1381 erat.
863 1344 1097 1381 Accuratius
1128 1344 1325 1391 Vergilius
1364 1343 1507 1391 Georg.
1548 1343 1585 1388 Ι,
1631 1343 1727 1378 159;

242 1414 537 1462 ,,0011003311(100
570 1413 707 1450 famem
740 1414 780 1449 in
813 1413 920 1449 silvis
955 1412 1134 1450 solabere
1167 1410 1352 1461 quercu“.
1411 1412 1511 1448 293:
1549 1410 1731 1460 „longum

238 1485 351 1518 cantu
396 1482 523 1518 solata
566 1480 785 1518 labore1n“.
830 1500 876 1504 —-
922 1482 1012 1517 537.
1053 1480 1148 1517 Post
1184 1477 1470 1530 Arqgyrv'ppwn
1513 1478 1645 1515 hiatus
1693 1479 1731 1515 in

237 1562 394 1586 caesura.
454 1549 599 1586 Mulier
636 1547 784 1594 „hunc“
821 1548 1002 1586 addebat.
1034 1569 1091 1572 —
1125 1550 1215 1585 5:39.
1246 1544 1506 1597 produxisti,
1539 1548 1564 1584 i.
1599 1561 1629 1584 e.
1662 1560 1729 1597 pe-

236 1618 385 1667 peristi,
420 1617 606 1663 educasti,
638 1620 683 1652 ut
707 1615 816 1665 Capt.
840 1618 939 1653 756:
979 1616 1120 1663 „Quasi
1152 1617 1192 1652 in
1224 1615 1433 1652 orbitatem
1463 1615 1608 1653 liberos
1639 1629 1729 1665 pro-

225 1684 453 1738 fluxerim‘st
499 1685 599 1722 Rud.
638 1686 762 1721 1173:
801 1698 894 1734 „ego
926 1686 957 1721 is
989 1698 1084 1731 311111,
1119 1686 1184 1734 qui
1216 1688 1254 1721 te
1285 1683 1456 1734 produxi
1486 1681 1642 1733 pater“.
1673 1703 1727 1707 —

237 1750 487 1790 Audientem
526 1750 655 1798 dieto⁷
704 1766 793 1789 nam
838 1735 940 1789 intro
987 1753 1144 1789 abitura
1185 1757 1260 1798 est,
1303 1756 1347 1789 ut
1384 1753 1548 1788 iusserat
1588 1754 1725 1788 mater.

237 1821 421 1870 Sequitur
453 1825 581 1857 autem
615 1823 701 1870 ipsa
730 1825 866 1858 mater.

353 2026 443 2062 540.
475 2025 697 2061 Adveniunt
730 2027 830 2061 servi
861 2025 1032 2074 perfecta
1067 2025 1221 2061 fallacia
1255 2024 1555 2073 triumphantes.
1617 2023 1725 2059 Hila-

237 2094 429 2128 rissimum
462 2092 699 2141 colloquium
724 2093 900 2130 iambicis
926 2093 1157 2142 septenariis
1182 2093 1370 2141 scriptum
1396 2096 1465 2128 est.
1518 2087 1726 2140 Perfidiae

237 2162 348 2209 quasi
380 2160 459 2197 (leae
492 2162 637 2209 gratias
670 2164 800 2209 agunt.
864 2157 1033 2198 Gratias
1064 2157 1270 2206 fullamma&
1303 2174 1338 2199 v.
1374 2160 1421 2196 ad
1453 2160 1594 2209 Amph.
1632 2161 1722 2196 179.

236 2249 290 2252 —
331 2229 420 2264 542.
457 2224 731 2277 Scapularum
770 2226 1038 2277 confidentia,
1080 2230 1103 2265 i.
1138 2243 1189 2275 0.,
1230 2232 1273 2265 ut
1304 2228 1359 2265 ait
1389 2228 1541 2265 Nonius
1571 2241 1609 2277 p.
1645 2228 1723 2264 262

236 2296 336 2333 hunc
379 2310 533 2333 versum
579 2296 761 2343 afferens,
809 2297 1057 2346 scapularum
1103 2296 1296 2346 patientia
1336 2296 1441 2332 freti.
1504 2295 1580 2333 Sed
1620 2296 1725 2345 quod

235 2365 428 2413 sequitur,
462 2361 612 2401 uirtute*
646 2361 847 2401 ulmorum
872 2363 993 2414 freti.
1027 2365 1235 2401 ridiculum
1268 2367 1327 2400 est
1358 2367 1477 2413 atque
1509 2363 1604 2401 adeo
1635 2376 1724 2400 con-

234 2433 398 2468 trarium
431 2433 524 2478 eius,
559 2432 663 2481 quod
695 2432 953 2479 desideratur,
987 2446 1107 2482 quare
1133 2432 1346 2469 Lambinus
1378 2435 1417 2468 et
1446 2431 1585 2469 Bosius
1623 2431 1724 2478 „uir-

234 2504 320 2536 tute
352 2498 625 2536 humerorum“
662 2500 891 2538 scribebant.
952 2500 1051 2538 Mihi
1082 2502 1121 2537 in
1153 2503 1320 2537 mentem
1351 2500 1478 2536 venit:
1517 2498 1723 2549 „Scapula-

235 2580 319 2602 rum
344 2567 580 2604 confidentia
606 2568 644 2603 in
669 2569 856 2605 uirtutem
882 2569 1075 2606 ulmorum
1100 2567 1215 2605 freti“
1245 2572 1313 2605 aut
1342 2569 1512 2614 „uirtute
1531 2567 1724 2603 ulmorum

235 2634 405 2682 sprc¹ta“.
467 2634 523 2671 Eo
563 2639 691 2671 autem
730 2637 915 2673 incertior
954 2641 1012 2673 est
1052 2636 1285 2673 emendandi
1322 2636 1443 2681 ratio,
1484 2635 1577 2684 quia
1616 2634 1723 2671 locus

235 2703 352 2737 etiam
384 2703 460 2738 alio
490 2703 586 2739 vitio
610 2703 781 2750 laborat3
813 2717 902 2741 nam
934 2704 1179 2741 desideratur
1208 2704 1373 2741 verbum
1404 2703 1621 2749 sententiae,
1654 2715 1723 2739 nec

236 2769 455 2805 anacoluthi
488 2770 567 2806 ulla
599 2771 796 2807 excusatio
829 2772 994 2819 cogitari
1025 2776 1170 2821 potest.
1217 2772 1346 2818 Quare
1379 2771 1470 2808 olim
1500 2769 1722 2807 Fleckeise-

236 2837 340 2872 11111111
373 2841 525 2873 secutus
558 2837 761 2874 credebam
793 2852 946 2875 versum
978 2839 1186 2886 excidisse,
1220 2853 1333 2889 quem
1364 2839 1459 2876 mihi
1489 2838 1609 2875 talem
1642 2837 1723 2874 fere

235 2904 511 2942 informabam:
551 2905 762 2951 „Praedam
787 2907 903 2954 potiti
928 2905 1175 2955 splendidam
1207 2907 1380 2944 redimus
1411 2908 1487 2943 iam
1512 2903 1720 2943 uictores“.
