<?xml version="1.0" encoding="UTF-8"?>
<!DOCTYPE html PUBLIC "-//W3C//DTD XHTML 1.0 Transitional//EN"
    "http://www.w3.org/TR/xhtml1/DTD/xhtml1-transitional.dtd">
<html xmlns="http://www.w3.org/1999/xhtml" xml:lang="en" lang="en">
 <head>
  <title>
</title>
<meta http-equiv="Content-Type" content="text/html;charset=utf-8" />
  <meta name='ocr-system' content='tesseract 3.04.00' />
  <meta name='ocr-capabilities' content='ocr_page ocr_carea ocr_par ocr_line ocrx_word'/>
</head>
<body>
  <div class='ocr_page' id='page_1' title='image "./comoediaerecensv01plauuoft_0087.png"; bbox 0 0 1926 3275; ppageno 0'>
   <div class='ocr_carea' id='block_1_1' title="bbox 196 287 1703 333">
    <p class='ocr_par' dir='ltr' id='par_1_1' title="bbox 196 287 1703 333">
     <span class='ocr_line' id='line_1_1' title="bbox 196 287 1703 333; baseline -0.005 -11"><span class='ocrx_word' id='word_1_1' title='bbox 196 288 240 331; x_wconf 84' lang='lat' dir='ltr'>V,</span> <span class='ocrx_word' id='word_1_2' title='bbox 259 291 287 331; x_wconf 88' lang='lat'>1,</span> <span class='ocrx_word' id='word_1_3' title='bbox 306 289 437 322; x_wconf 77' lang='lat'>19—30</span> <span class='ocrx_word' id='word_1_4' title='bbox 881 287 1114 332; x_wconf 82' lang='lat' dir='ltr'>Amphitruo.</span> <span class='ocrx_word' id='word_1_5' title='bbox 1632 310 1635 312; x_wconf 95' lang='lat'>.</span> <span class='ocrx_word' id='word_1_6' title='bbox 1651 295 1703 333; x_wconf 73' lang='lat'>(39</span> 
     </span>
    </p>
   </div>
   <div class='ocr_carea' id='block_1_2' title="bbox 196 413 1705 686">
    <p class='ocr_par' dir='ltr' id='par_1_2' title="bbox 196 413 1705 686">
     <span class='ocr_line' id='line_1_2' title="bbox 196 413 1702 471; baseline 0.003 -17"><span class='ocrx_word' id='word_1_7' title='bbox 196 413 344 467; x_wconf 80' lang='lat' dir='ltr'>Neque</span> <span class='ocrx_word' id='word_1_8' title='bbox 385 418 583 455; x_wconf 84' lang='lat' dir='ltr'>nostrum</span> <span class='ocrx_word' id='word_1_9' title='bbox 623 414 850 467; x_wconf 76' lang='lat' dir='ltr'>quisquam</span> <span class='ocrx_word' id='word_1_10' title='bbox 889 415 1120 466; x_wconf 78' lang='lat' dir='ltr'>sensimus,</span> <span class='ocrx_word' id='word_1_11' title='bbox 1163 429 1293 468; x_wconf 88' lang='lat' dir='ltr'>quom</span> <span class='ocrx_word' id='word_1_12' title='bbox 1332 418 1522 470; x_wconf 75' lang='lat' dir='ltr'>peperit,</span> <span class='ocrx_word' id='word_1_13' title='bbox 1562 432 1702 471; x_wconf 85' lang='lat' dir='ltr'>neque</span> 
     </span>
     <span class='ocr_line' id='line_1_3' title="bbox 1157 487 1436 540; baseline 0.007 -13"><span class='ocrx_word' id='word_1_14' title='bbox 1157 487 1436 540; x_wconf 87' lang='lat' dir='ltr'>prouidimus.</span> 
     </span>
     <span class='ocr_line' id='line_1_4' title="bbox 474 557 1333 611; baseline 0.001 -12"><span class='ocrx_word' id='word_1_15' title='bbox 474 557 557 599; x_wconf 85' lang='lat' dir='ltr'>Sed</span> <span class='ocrx_word' id='word_1_16' title='bbox 590 558 693 610; x_wconf 88' lang='lat' dir='ltr'>quid</span> <span class='ocrx_word' id='word_1_17' title='bbox 724 557 834 599; x_wconf 84' lang='lat' dir='ltr'>hoc‘?</span> <span class='ocrx_word' id='word_1_18' title='bbox 858 558 960 611; x_wconf 63' lang='lat' dir='ltr'>&gt;quis</span> <span class='ocrx_word' id='word_1_19' title='bbox 992 557 1063 598; x_wconf 90' lang='lat' dir='ltr'>hic</span> <span class='ocrx_word' id='word_1_20' title='bbox 1095 562 1160 599; x_wconf 87' lang='lat' dir='ltr'>est</span> <span class='ocrx_word' id='word_1_21' title='bbox 1191 573 1333 611; x_wconf 73' lang='lat' dir='ltr'>senex,</span> 
     </span>
     <span class='ocr_line' id='line_1_5' title="bbox 199 629 1705 686; baseline 0.003 -16"><span class='ocrx_word' id='word_1_22' title='bbox 199 629 281 679; x_wconf 84' lang='lat' dir='ltr'>Qui</span> <span class='ocrx_word' id='word_1_23' title='bbox 314 633 415 670; x_wconf 83' lang='lat' dir='ltr'>ante</span> <span class='ocrx_word' id='word_1_24' title='bbox 450 629 568 670; x_wconf 84' lang='lat' dir='ltr'>aedis</span> <span class='ocrx_word' id='word_1_25' title='bbox 599 634 771 671; x_wconf 78' lang='lat' dir='ltr'>nostras</span> <span class='ocrx_word' id='word_1_26' title='bbox 805 630 866 670; x_wconf 89' lang='lat' dir='ltr'>sic</span> <span class='ocrx_word' id='word_1_27' title='bbox 905 629 1051 670; x_wconf 78' lang='lat' dir='ltr'>iacet?</span> <span class='ocrx_word' id='word_1_28' title='bbox 1088 644 1294 671; x_wconf 77' lang='lat' dir='ltr'>numnam</span> <span class='ocrx_word' id='word_1_29' title='bbox 1333 631 1447 673; x_wconf 87' lang='lat' dir='ltr'>hunc</span> <span class='ocrx_word' id='word_1_30' title='bbox 1489 635 1705 686; x_wconf 73' lang='lat' dir='ltr'>percussit</span> 
     </span>
    </p>
   </div>
   <div class='ocr_carea' id='block_1_3' title="bbox 200 701 1704 887">
    <p class='ocr_par' dir='ltr' id='par_1_3' title="bbox 200 701 1704 887">
     <span class='ocr_line' id='line_1_6' title="bbox 1155 701 1382 744; baseline 0.009 -2"><span class='ocrx_word' id='word_1_31' title='bbox 1155 701 1205 742; x_wconf 92' lang='lat' dir='ltr'>Iu</span> <span class='ocrx_word' id='word_1_32' title='bbox 1251 703 1382 744; x_wconf 62' lang='lat' dir='ltr'>nter?</span> 
     </span>
     <span class='ocr_line' id='line_1_7' title="bbox 200 717 1704 828; baseline 0.003 -14"><span class='ocrx_word' id='word_1_33' title='bbox 200 772 338 814; x_wconf 83' lang='lat' dir='ltr'>Credo</span> <span class='ocrx_word' id='word_1_34' title='bbox 373 773 546 827; x_wconf 78' lang='lat' dir='ltr'>edep013</span> <span class='ocrx_word' id='word_1_35' title='bbox 577 787 689 824; x_wconf 76' lang='lat' dir='ltr'>nam,</span> <span class='ocrx_word' id='word_1_36' title='bbox 724 788 802 827; x_wconf 83' lang='lat' dir='ltr'>pro</span> <span class='ocrx_word' id='word_1_37' title='bbox 834 773 1043 827; x_wconf 79' lang='lat' dir='ltr'>Iuppiter,</span> <span class='ocrx_word' id='word_1_38' title='bbox 1077 717 1314 827; x_wconf 48' lang='lat' dir='ltr'>sepuliiisn</span> <span class='ocrx_word' id='word_1_39' title='bbox 1347 777 1472 828; x_wconf 81' lang='lat' dir='ltr'>quasi</span> <span class='ocrx_word' id='word_1_40' title='bbox 1504 776 1561 817; x_wconf 85' lang='lat' dir='ltr'>sit</span> <span class='ocrx_word' id='word_1_41' title='bbox 1591 792 1704 819; x_wconf 92' lang='lat' dir='ltr'>mor-</span> 
     </span>
     <span class='ocr_line' id='line_1_8' title="bbox 1157 850 1704 887; baseline -0.007 -1"><span class='ocrx_word' id='word_1_42' title='bbox 1157 850 1270 887; x_wconf 90' lang='lat' dir='ltr'>tuus.</span> <span class='ocrx_word' id='word_1_43' title='bbox 1618 850 1704 883; x_wconf 88' lang='grc'>1090</span> 
     </span>
    </p>
   </div>
   <div class='ocr_carea' id='block_1_4' title="bbox 197 915 1706 1801">
    <p class='ocr_par' dir='ltr' id='par_1_4' title="bbox 197 915 1706 1801">
     <span class='ocr_line' id='line_1_9' title="bbox 197 915 1704 975; baseline 0.003 -18"><span class='ocrx_word' id='word_1_44' title='bbox 197 915 274 958; x_wconf 89' lang='lat' dir='ltr'>Ibo</span> <span class='ocrx_word' id='word_1_45' title='bbox 308 920 350 957; x_wconf 88' lang='lat' dir='ltr'>et</span> <span class='ocrx_word' id='word_1_46' title='bbox 381 930 653 969; x_wconf 79' lang='lat' dir='ltr'>cognoscam,</span> <span class='ocrx_word' id='word_1_47' title='bbox 687 918 881 972; x_wconf 86' lang='lat' dir='ltr'>quisquis</span> <span class='ocrx_word' id='word_1_48' title='bbox 913 922 991 959; x_wconf 86' lang='lat' dir='ltr'>est.</span> <span class='ocrx_word' id='word_1_49' title='bbox 1039 918 1396 971; x_wconf 74' lang='lat' dir='ltr'>EstAmphitruo</span> <span class='ocrx_word' id='word_1_50' title='bbox 1427 919 1497 961; x_wconf 92' lang='lat' dir='ltr'>hic</span> <span class='ocrx_word' id='word_1_51' title='bbox 1529 921 1704 975; x_wconf 90' lang='lat' dir='ltr'>quidem</span> 
     </span>
     <span class='ocr_line' id='line_1_10' title="bbox 1159 1004 1421 1032; baseline 0.004 -1"><span class='ocrx_word' id='word_1_52' title='bbox 1159 1004 1256 1031; x_wconf 86' lang='lat' dir='ltr'>erus</span> <span class='ocrx_word' id='word_1_53' title='bbox 1288 1005 1421 1032; x_wconf 86' lang='lat' dir='ltr'>meus.</span> 
     </span>
     <span class='ocr_line' id='line_1_11' title="bbox 198 1060 469 1115; baseline -0.004 -13"><span class='ocrx_word' id='word_1_54' title='bbox 198 1060 469 1115; x_wconf 89' lang='lat' dir='ltr'>Amphitruo.</span> 
     </span>
     <span class='ocr_line' id='line_1_12' title="bbox 795 1133 1113 1189; baseline 0 -14"><span class='ocrx_word' id='word_1_55' title='bbox 795 1133 1113 1189; x_wconf 88' lang='lat' dir='ltr'>Amphitruo</span> 
     </span>
     <span class='ocr_line' id='line_1_13' title="bbox 479 1189 607 1232; baseline 0.008 -1"><span class='ocrx_word' id='word_1_56' title='bbox 479 1189 607 1232; x_wconf 85' lang='lat' dir='ltr'>Perii.</span> 
     </span>
     <span class='ocr_line' id='line_1_14' title="bbox 846 1263 1063 1304; baseline -0.005 0"><span class='ocrx_word' id='word_1_57' title='bbox 846 1263 1063 1304; x_wconf 81' lang='lat' dir='ltr'>Bromia</span> 
     </span>
     <span class='ocr_line' id='line_1_15' title="bbox 641 1334 789 1388; baseline -0.007 -11"><span class='ocrx_word' id='word_1_58' title='bbox 641 1334 789 1388; x_wconf 83' lang='lat' dir='ltr'>Surge.</span> 
     </span>
     <span class='ocr_line' id='line_1_16' title="bbox 798 1406 1113 1460; baseline 0.003 -12"><span class='ocrx_word' id='word_1_59' title='bbox 798 1406 1113 1460; x_wconf 85' lang='lat' dir='ltr'>Amphitruo</span> 
     </span>
     <span class='ocr_line' id='line_1_17' title="bbox 806 1478 968 1520; baseline 0.006 -2"><span class='ocrx_word' id='word_1_60' title='bbox 806 1478 968 1520; x_wconf 86' lang='lat' dir='ltr'>Interii.</span> 
     </span>
     <span class='ocr_line' id='line_1_18' title="bbox 850 1550 1064 1591; baseline 0 0"><span class='ocrx_word' id='word_1_61' title='bbox 850 1550 1064 1591; x_wconf 83' lang='lat' dir='ltr'>Bromia</span> 
     </span>
     <span class='ocr_line' id='line_1_19' title="bbox 980 1621 1317 1664; baseline 0.003 -1"><span class='ocrx_word' id='word_1_62' title='bbox 980 1621 1096 1664; x_wconf 84' lang='lat' dir='ltr'>Cedo</span> <span class='ocrx_word' id='word_1_63' title='bbox 1128 1637 1317 1664; x_wconf 86' lang='lat' dir='ltr'>manum.</span> 
     </span>
     <span class='ocr_line' id='line_1_20' title="bbox 799 1693 1114 1747; baseline 0.003 -13"><span class='ocrx_word' id='word_1_64' title='bbox 799 1693 1114 1747; x_wconf 88' lang='lat' dir='ltr'>Amphitruo</span> 
     </span>
     <span class='ocr_line' id='line_1_21' title="bbox 1325 1750 1706 1801; baseline 0 -9"><span class='ocrx_word' id='word_1_65' title='bbox 1325 1750 1428 1801; x_wconf 82' lang='lat' dir='ltr'>Quis</span> <span class='ocrx_word' id='word_1_66' title='bbox 1459 1764 1526 1792; x_wconf 90' lang='lat' dir='ltr'>me</span> <span class='ocrx_word' id='word_1_67' title='bbox 1557 1751 1706 1792; x_wconf 77' lang='lat' dir='ltr'>tenet?</span> 
     </span>
    </p>
   </div>
   <div class='ocr_carea' id='block_1_5' title="bbox 203 1822 1060 1923">
    <p class='ocr_par' dir='ltr' id='par_1_5' title="bbox 203 1822 1060 1923">
     <span class='ocr_line' id='line_1_22' title="bbox 850 1822 1060 1864; baseline -0.005 0"><span class='ocrx_word' id='word_1_68' title='bbox 850 1822 885 1864; x_wconf 88' lang='lat' dir='ltr'>B</span> <span class='ocrx_word' id='word_1_69' title='bbox 895 1837 916 1864; x_wconf 86' lang='lat' dir='ltr'>r</span> <span class='ocrx_word' id='word_1_70' title='bbox 927 1838 950 1864; x_wconf 92' lang='lat'>0</span> <span class='ocrx_word' id='word_1_71' title='bbox 961 1823 1060 1863; x_wconf 83' lang='lat' dir='ltr'>mia</span> 
     </span>
     <span class='ocr_line' id='line_1_23' title="bbox 203 1880 707 1923; baseline -0.002 -1"><span class='ocrx_word' id='word_1_72' title='bbox 203 1882 297 1923; x_wconf 89' lang='lat' dir='ltr'>Tua</span> <span class='ocrx_word' id='word_1_73' title='bbox 327 1880 504 1923; x_wconf 82' lang='lat' dir='ltr'>Bromia</span> <span class='ocrx_word' id='word_1_74' title='bbox 536 1880 707 1922; x_wconf 83' lang='lat' dir='ltr'>ancilla.</span> 
     </span>
    </p>
   </div>
   <div class='ocr_carea' id='block_1_6' title="bbox 203 1951 1708 2151">
    <p class='ocr_par' dir='ltr' id='par_1_6' title="bbox 203 1951 1708 2151">
     <span class='ocr_line' id='line_1_24' title="bbox 797 1951 1118 2005; baseline -0.003 -13"><span class='ocrx_word' id='word_1_75' title='bbox 797 1951 1118 2005; x_wconf 88' lang='lat' dir='ltr'>Amphitruo</span> 
     </span>
     <span class='ocr_line' id='line_1_25' title="bbox 714 2022 1706 2076; baseline -0.002 -11"><span class='ocrx_word' id='word_1_76' title='bbox 714 2024 849 2065; x_wconf 89' lang='lat' dir='ltr'>Totus</span> <span class='ocrx_word' id='word_1_77' title='bbox 882 2025 1027 2074; x_wconf 84' lang='lat' dir='ltr'>timeo,</span> <span class='ocrx_word' id='word_1_78' title='bbox 1059 2024 1122 2064; x_wconf 76' lang='lat' dir='ltr'>ita</span> <span class='ocrx_word' id='word_1_79' title='bbox 1153 2037 1219 2063; x_wconf 93' lang='lat' dir='ltr'>me</span> <span class='ocrx_word' id='word_1_80' title='bbox 1250 2022 1469 2076; x_wconf 73' lang='lat' dir='ltr'>increpuit</span> <span class='ocrx_word' id='word_1_81' title='bbox 1500 2022 1706 2076; x_wconf 83' lang='lat' dir='ltr'>Iuppiter,</span> 
     </span>
     <span class='ocr_line' id='line_1_26' title="bbox 203 2094 1708 2151; baseline -0.003 -12"><span class='ocrx_word' id='word_1_82' title='bbox 203 2098 293 2139; x_wconf 89' lang='lat' dir='ltr'>Nec</span> <span class='ocrx_word' id='word_1_83' title='bbox 324 2111 446 2139; x_wconf 87' lang='lat' dir='ltr'>secus</span> <span class='ocrx_word' id='word_1_84' title='bbox 478 2100 555 2148; x_wconf 81' lang='lat' dir='ltr'>est,</span> <span class='ocrx_word' id='word_1_85' title='bbox 589 2096 712 2151; x_wconf 84' lang='lat' dir='ltr'>quasi</span> <span class='ocrx_word' id='word_1_86' title='bbox 744 2096 779 2137; x_wconf 88' lang='lat' dir='ltr'>si</span> <span class='ocrx_word' id='word_1_87' title='bbox 811 2096 865 2136; x_wconf 80' lang='lat' dir='ltr'>ab</span> <span class='ocrx_word' id='word_1_88' title='bbox 886 2095 1134 2136; x_wconf 82' lang='lat' dir='ltr'>Acherunte</span> <span class='ocrx_word' id='word_1_89' title='bbox 1166 2095 1351 2135; x_wconf 73' lang='lat' dir='ltr'>ueniam.</span> <span class='ocrx_word' id='word_1_90' title='bbox 1403 2094 1488 2136; x_wconf 84' lang='lat' dir='ltr'>Sed</span> <span class='ocrx_word' id='word_1_91' title='bbox 1522 2094 1626 2148; x_wconf 84' lang='lat' dir='ltr'>quid</span> <span class='ocrx_word' id='word_1_92' title='bbox 1657 2098 1708 2135; x_wconf 83' lang='lat' dir='ltr'>tu</span> 
     </span>
    </p>
   </div>
   <div class='ocr_carea' id='block_1_7' title="bbox 205 2166 1282 2280">
    <p class='ocr_par' dir='ltr' id='par_1_7' title="bbox 205 2166 1282 2280">
     <span class='ocr_line' id='line_1_27' title="bbox 1164 2166 1282 2207; baseline 0 0"><span class='ocrx_word' id='word_1_93' title='bbox 1164 2166 1282 2207; x_wconf 84' lang='lat' dir='ltr'>foras</span> 
     </span>
     <span class='ocr_line' id='line_1_28' title="bbox 205 2225 463 2280; baseline -0.004 -13"><span class='ocrx_word' id='word_1_94' title='bbox 205 2225 431 2280; x_wconf 82' lang='lat' dir='ltr'>Egressa’s</span> <span class='ocrx_word' id='word_1_95' title='bbox 443 2226 463 2266; x_wconf 65' lang='lat' dir='ltr'>P</span> 
     </span>
    </p>
   </div>
   <div class='ocr_carea' id='block_1_8' title="bbox 206 2297 1708 2568">
    <p class='ocr_par' dir='ltr' id='par_1_8' title="bbox 206 2297 1708 2568">
     <span class='ocr_line' id='line_1_29' title="bbox 854 2297 1064 2338; baseline -0.01 0"><span class='ocrx_word' id='word_1_96' title='bbox 854 2297 1064 2338; x_wconf 80' lang='lat' dir='ltr'>Bromia</span> 
     </span>
     <span class='ocr_line' id='line_1_30' title="bbox 479 2366 1708 2419; baseline -0.004 -9"><span class='ocrx_word' id='word_1_97' title='bbox 479 2369 645 2411; x_wconf 81' lang='lat' dir='ltr'>Eadem</span> <span class='ocrx_word' id='word_1_98' title='bbox 675 2383 754 2410; x_wconf 89' lang='lat' dir='ltr'>nos</span> <span class='ocrx_word' id='word_1_99' title='bbox 785 2368 968 2410; x_wconf 87' lang='lat' dir='ltr'>formido</span> <span class='ocrx_word' id='word_1_100' title='bbox 1000 2367 1175 2409; x_wconf 81' lang='lat' dir='ltr'>timidas</span> <span class='ocrx_word' id='word_1_101' title='bbox 1206 2372 1373 2407; x_wconf 85' lang='lat' dir='ltr'>terrore</span> <span class='ocrx_word' id='word_1_102' title='bbox 1405 2366 1564 2419; x_wconf 84' lang='lat' dir='ltr'>inpulit</span> <span class='ocrx_word' id='word_1_103' title='bbox 1623 2372 1708 2405; x_wconf 88' lang='grc'>1095</span> 
     </span>
     <span class='ocr_line' id='line_1_31' title="bbox 206 2437 1607 2492; baseline -0.004 -10"><span class='ocrx_word' id='word_1_104' title='bbox 206 2442 256 2483; x_wconf 92' lang='lat' dir='ltr'>In</span> <span class='ocrx_word' id='word_1_105' title='bbox 288 2441 480 2492; x_wconf 82' lang='lat' dir='ltr'>aedibus,</span> <span class='ocrx_word' id='word_1_106' title='bbox 510 2446 558 2482; x_wconf 88' lang='lat' dir='ltr'>tu</span> <span class='ocrx_word' id='word_1_107' title='bbox 587 2441 662 2482; x_wconf 87' lang='lat' dir='ltr'>ubi</span> <span class='ocrx_word' id='word_1_108' title='bbox 692 2440 877 2482; x_wconf 80' lang='lat' dir='ltr'>habitas.</span> <span class='ocrx_word' id='word_1_109' title='bbox 924 2440 1068 2481; x_wconf 80' lang='lat' dir='ltr'>Nimia</span> <span class='ocrx_word' id='word_1_110' title='bbox 1099 2440 1209 2479; x_wconf 82' lang='lat' dir='ltr'>mira</span> <span class='ocrx_word' id='word_1_111' title='bbox 1239 2438 1348 2488; x_wconf 84' lang='lat' dir='ltr'>uidi;</span> <span class='ocrx_word' id='word_1_112' title='bbox 1380 2452 1461 2478; x_wconf 81' lang='lat' dir='ltr'>uae</span> <span class='ocrx_word' id='word_1_113' title='bbox 1493 2437 1607 2488; x_wconf 74' lang='lat' dir='ltr'>mihi,</span> 
     </span>
     <span class='ocr_line' id='line_1_32' title="bbox 208 2509 1390 2568; baseline -0.004 -14"><span class='ocrx_word' id='word_1_114' title='bbox 208 2513 484 2568; x_wconf 78' lang='lat' dir='ltr'>Amphitruo!</span> <span class='ocrx_word' id='word_1_115' title='bbox 516 2513 579 2553; x_wconf 81' lang='lat' dir='ltr'>ita</span> <span class='ocrx_word' id='word_1_116' title='bbox 609 2512 713 2553; x_wconf 83' lang='lat' dir='ltr'>mihi</span> <span class='ocrx_word' id='word_1_117' title='bbox 744 2513 912 2553; x_wconf 80' lang='lat' dir='ltr'>animus</span> <span class='ocrx_word' id='word_1_118' title='bbox 945 2512 1076 2552; x_wconf 82' lang='lat' dir='ltr'>etiam</span> <span class='ocrx_word' id='word_1_119' title='bbox 1108 2524 1222 2551; x_wconf 89' lang='lat' dir='ltr'>nunc</span> <span class='ocrx_word' id='word_1_120' title='bbox 1254 2509 1390 2550; x_wconf 83' lang='lat' dir='ltr'>abest.</span> 
     </span>
    </p>
   </div>
   <div class='ocr_carea' id='block_1_9' title="bbox 806 2584 1708 2690">
    <p class='ocr_par' dir='ltr' id='par_1_9' title="bbox 806 2584 1708 2690">
     <span class='ocr_line' id='line_1_33' title="bbox 806 2584 1118 2637; baseline -0.003 -13"><span class='ocrx_word' id='word_1_121' title='bbox 806 2584 1118 2637; x_wconf 85' lang='lat' dir='ltr'>Amphitruo</span> 
     </span>
     <span class='ocr_line' id='line_1_34' title="bbox 1310 2636 1708 2690; baseline -0.003 -12"><span class='ocrx_word' id='word_1_122' title='bbox 1310 2637 1505 2690; x_wconf 85' lang='lat' dir='ltr'>Agedum</span> <span class='ocrx_word' id='word_1_123' title='bbox 1536 2636 1708 2690; x_wconf 82' lang='lat' dir='ltr'>expedi:</span> 
     </span>
    </p>
   </div>
   <div class='ocr_carea' id='block_1_10' title="bbox 209 2710 1252 2766">
    <p class='ocr_par' dir='ltr' id='par_1_10' title="bbox 209 2710 1252 2766">
     <span class='ocr_line' id='line_1_35' title="bbox 209 2710 1252 2766; baseline -0.005 -10"><span class='ocrx_word' id='word_1_124' title='bbox 209 2713 309 2756; x_wconf 85' lang='lat' dir='ltr'>Scin</span> <span class='ocrx_word' id='word_1_125' title='bbox 339 2727 406 2755; x_wconf 91' lang='lat' dir='ltr'>me</span> <span class='ocrx_word' id='word_1_126' title='bbox 436 2716 558 2754; x_wconf 90' lang='lat' dir='ltr'>tuum</span> <span class='ocrx_word' id='word_1_127' title='bbox 589 2727 681 2754; x_wconf 88' lang='lat' dir='ltr'>esse</span> <span class='ocrx_word' id='word_1_128' title='bbox 713 2727 835 2755; x_wconf 87' lang='lat' dir='ltr'>erum</span> <span class='ocrx_word' id='word_1_129' title='bbox 866 2710 1252 2766; x_wconf 79' lang='lat' dir='ltr'>Amphitruonem?</span> 
     </span>
    </p>
   </div>
   <div class='ocr_carea' id='block_1_11' title="bbox 216 2818 486 2821">
    <p class='ocr_par' dir='ltr' id='par_1_11' title="bbox 216 2818 486 2821">
     <span class='ocr_line' id='line_1_36' title="bbox 216 2818 486 2821; baseline 0 0"><span class='ocrx_word' id='word_1_130' title='bbox 216 2818 486 2821; x_wconf 95' lang='lat' dir='ltr'> </span> 
     </span>
    </p>
   </div>
   <div class='ocr_carea' id='block_1_12' title="bbox 305 2864 1501 2911">
    <p class='ocr_par' dir='ltr' id='par_1_12' title="bbox 305 2864 1501 2911">
     <span class='ocr_line' id='line_1_37' title="bbox 305 2864 1501 2911; baseline -0.006 -10"><span class='ocrx_word' id='word_1_131' title='bbox 305 2870 388 2903; x_wconf 88' lang='lat'>1091</span> <span class='ocrx_word' id='word_1_132' title='bbox 415 2878 600 2911; x_wconf 85' lang='lat' dir='ltr'>cognosco</span> <span class='ocrx_word' id='word_1_133' title='bbox 627 2868 789 2911; x_wconf 82' lang='lat' dir='ltr'>quisquis</span> <span class='ocrx_word' id='word_1_134' title='bbox 816 2871 871 2901; x_wconf 81' lang='lat' dir='ltr'>est</span> <span class='ocrx_word' id='word_1_135' title='bbox 896 2866 1107 2910; x_wconf 79' lang='lat' dir='ltr'>Amphitrio</span> <span class='ocrx_word' id='word_1_136' title='bbox 1190 2865 1275 2898; x_wconf 84' lang='lat'>1095</span> <span class='ocrx_word' id='word_1_137' title='bbox 1300 2864 1439 2906; x_wconf 77' lang='lat' dir='ltr'>Egossa</span> <span class='ocrx_word' id='word_1_138' title='bbox 1465 2874 1501 2895; x_wconf 68' lang='lat' dir='ltr'>os</span> 
     </span>
    </p>
   </div>
  </div>
 </body>
</html>
