1926 3275
169 380 196 417 I,
214 383 242 421 1,
258 380 395 413 48—77
830 378 1009 412 Asinaria.
1616 384 1668 421 83

805 504 1037 545 Libanus

224 576 447 618 Posterius
477 576 587 617 istuc
621 576 730 617 dicis
762 589 893 629 quam
926 576 1055 617 credo
1087 575 1180 617 tibi.

736 648 1098 689 Demaenetus

225 720 383 761 Omnes
415 723 633 773 parentes,
667 720 842 770 Libane,
874 719 1021 760 liberis
1054 720 1154 770 suis,

225 792 306 842 Qui
337 791 443 832 mihi
474 791 801 841 auscultabunt,¹
826 790 989 832 facient
1021 791 1374 845 obsequentia1n3

225 863 411 917 [Quippe
444 864 517 917 qui
548 876 672 916 mage
706 863 844 904 amico
876 867 1058 904 utantur
1090 868 1220 916 gnato
1254 868 1297 905 et
1327 863 1529 906 beniuolo
1542 863 1570 917 ς]
1625 869 1669 902 65

223 935 365 989 Atque
399 949 477 989 ego
509 949 576 976 me
608 935 652 976 id
682 934 827 976 facere
860 935 1036 986 stude0;
1067 934 1167 977 uolo
1201 936 1339 976 amari
1369 950 1395 976 a
1425 937 1544 987 meis,

223 1007 334 1049 Uolo
366 1022 433 1048 me
465 1007 602 1060 patris
632 1007 718 1047 mei
749 1006 944 1057 similem,
978 1007 1051 1059 qui
1083 1021 1217 1048 causa
1248 1022 1345 1048 mea

223 1078 478 1120 Nauclerico
510 1078 602 1132 ipse
635 1082 793 1119 ornatu
824 1093 901 1132 per
930 1077 1153 1119 fallaciam

225 1151 362 1200 Quam
394 1150 596 1191 amabam
627 1150 810 1191 abduxit
840 1150 895 1191 ab
926 1151 1081 1191 lenone
1114 1150 1358 1202 mulierem3

224 1223 375 1276 Neque
406 1222 562 1276 puduit
594 1236 692 1263 eum
721 1222 766 1263 id
798 1222 956 1263 aetatis
989 1221 1299 1276 sycophantias
1625 1224 1670 1256 70

224 1294 400 1336 Struere
433 1298 476 1335 et
506 1294 727 1335 beneficiis
759 1308 826 1335 me
859 1308 1001 1335 emere
1033 1297 1213 1346 gnatum
1244 1308 1368 1335 suum
1400 1294 1495 1335 sibi.

223 1367 310 1407 Eos
341 1380 409 1407 me
442 1366 710 1408 decretumst
741 1367 945 1420 persequi
975 1380 1117 1407 mores
1149 1366 1298 1419 patris.

223 1438 336 1479 Nam
366 1452 433 1479 me
463 1438 591 1479 hodie
624 1439 767 1480 orauit
797 1438 1066 1491 Argyrippus
1098 1437 1224 1488 filius,

224 1510 300 1552 Uti
331 1510 413 1551 sibi
444 1511 610 1551 amanti
639 1510 832 1551 facerem
864 1509 1033 1562 argenti
1067 1510 1258 1563 copiam3

224 1582 281 1623 Et
311 1582 354 1622 id
387 1595 464 1634 ego
496 1582 704 1635 percupio
737 1582 917 1634 obsequi
948 1585 1079 1634 gnato
1114 1595 1222 1631 meo,
1594 1565 1668 1615 ’75

227 1653 354 1706 [Uolo
388 1653 525 1693 amori
556 1653 810 1694 obsecutum
841 1653 967 1703 illius,
998 1652 1098 1693 uolo
1132 1656 1248 1693 amet
1280 1665 1345 1693 me
1378 1652 1578 1706 patrem]

226 1725 498 1778 Quamquam
527 1724 650 1765 illum
681 1729 821 1765 mater
853 1728 947 1765 arte
981 1728 1268 1777 contenteque
1301 1723 1445 1776 habet,

223 1797 376 1838 Patres
408 1801 457 1838 ut
489 1800 771 1847 consuerunt3
805 1810 882 1849 ego
914 1796 1040 1836 mitto
1074 1796 1218 1836 omnia
1248 1796 1367 1847 haec,

224 1869 486 1910 Praesertim
518 1882 648 1922 quom
677 1868 713 1908 is
744 1882 811 1908 me
844 1867 1020 1920 dignum
1051 1867 1152 1920 quoi
1183 1867 1464 1908 concrederet

225 1940 400 1981 Habuit.
448 1939 517 1981 Me
548 1939 709 1981 habere
740 1939 948 1980 honorem
981 1939 1072 1980 eius
1103 1939 1276 1992 ingenio
1310 1938 1444 1989 decet,
1623 1945 1668 1977 80

227 2012 365 2062 Quom
396 2025 463 2052 me
496 2011 623 2062 adiit,
656 2015 704 2052 ut
735 2011 970 2064 pudentem
1008 2015 1187 2063 gnatum
1226 2014 1453 2064 aequomst
1486 2015 1665 2063 patrem.

228 2083 364 2137 Cupio
397 2097 491 2124 esse
524 2083 691 2124 amicae
724 2082 839 2137 quod
872 2082 946 2123 det
977 2087 1206 2136 argentum
1239 2096 1354 2123 suae.

803 2154 1035 2195 Libanus

227 2224 356 2279 Cupis
387 2225 443 2276 id,
475 2226 591 2278 quod
624 2240 779 2280 cupere
811 2229 855 2266 te
887 2225 1150 2278 nequiquam
1180 2225 1405 2278 intelleg03

225 2296 427 2337 Dotalem
459 2311 631 2338 seruom
658 2297 867 2338 Sauream
897 2311 1006 2338 uxor
1037 2300 1114 2337 tua

225 2367 429 2419 Adduxit,
461 2369 563 2421 quoi
593 2368 689 2421 plus
720 2369 763 2409 in
795 2382 924 2409 manu
957 2368 1013 2408 sit
1045 2381 1173 2420 quam
1204 2367 1296 2408 tibi.
1622 2367 1666 2400 85

739 2440 1097 2481 Demaenetus

225 2510 463 2563 Argentum
495 2511 654 2563 accepi,
688 2510 789 2552 dote
821 2511 1035 2564 inperium
1067 2509 1255 2550 uendidi.

225 2580 350 2622 Nunc
381 2580 517 2622 uerba
548 2582 591 2621 in
623 2595 763 2634 pauca
795 2582 1014 2622 conferam
1046 2580 1149 2633 quid
1180 2585 1223 2621 te
1255 2580 1398 2622 uelim.

225 2651 390 2704 Uiginti
421 2653 507 2693 iam
537 2657 661 2693 usust
690 2653 778 2694 filio
811 2654 981 2705 argenti
1012 2653 1158 2703 minis3

225 2723 338 2764 Face
370 2723 413 2764 id
443 2727 492 2764 ut
523 2727 724 2776 paratum
754 2724 839 2765 iam
871 2725 937 2765 sit.

259 2892 304 2925 64
329 2891 580 2935 obsequellam
687 2893 731 2926 66
758 2893 873 2926 amori
974 2893 1019 2927 68
1043 2891 1238 2927 Nauclcrio
1337 2893 1381 2926 77
1406 2896 1664 2935 contemtoque

168 2945 261 2982 Post
285 2949 337 2981 82
361 2948 529 2990 leyuntur
551 2958 679 2983 versus
703 2950 852 2983 50—51.
