1926 3275
791 335 831 370 V.
857 337 1025 370 91-117.
1579 344 1660 382 245

154 477 233 502 uno
265 465 398 513 aliquo
429 464 628 514 primariae
657 466 863 503 sententiae
887 466 1090 512 vocabulo,
1125 466 1232 503 velut
1265 467 1364 510 ἀλλὰ,
1397 468 1415 503 ὃ
1447 468 1495 511 δὲ,
1527 470 1658 506 statim

156 533 349 570 causalem
382 534 619 569 sententiam
651 535 761 583 quasi
792 547 865 583 per
896 535 1150 583 parenthesin
1176 536 1476 583 interponerent
1508 550 1551 573 ac
1577 540 1660 574 tum

156 601 310 638 demum
340 601 574 650 primariam
615 603 851 639 sententiam
887 605 1125 651 peragerent
1166 600 1217 649 (v.
1251 602 1455 650 Matthiae,
1489 603 1556 641 Gr.
1590 604 1657 642 Gr.

154 683 192 719 p.
229 669 335 706 1242
349 664 400 715 >¹⁴),
433 669 646 719 Latinique
678 683 813 706 eorum
846 670 1068 720 exemplum
1102 671 1235 716 secuti,
1268 674 1313 707 ut
1337 671 1474 710 Horat.
1500 671 1581 709 Sat.
1607 673 1657 719 II,

157 739 191 784 6,
228 739 298 774 51:
337 737 390 783 „O
422 737 537 784 bone,
571 751 660 775 nam
692 742 729 774 te
761 739 858 775 scire
886 769 893 776 .
914 768 921 776 .
942 768 977 776 ..
1011 742 1181 787 oportet,
1214 753 1307 776 num
1339 739 1434 788 quid
1468 740 1514 777 de
1540 740 1659 778 Dacis

155 804 350 843 audisti‘?“
397 806 493 851 alia,
535 806 574 843 id
606 806 771 843 Plautus
810 806 1005 843 interdum
1048 808 1166 843 etiam
1209 807 1317 844 nullo
1357 808 1429 844 tali
1467 809 1659 846 vocabulo

153 874 354 924 praemisso
393 874 529 911 fecisse
569 874 743 921 videtur,
784 878 827 911 ut
869 888 890 910 a
929 875 1159 924 parenthesi
1205 876 1403 913 excusatio
1450 878 1535 925 peti
1580 891 1659 914 non

154 943 297 992 possit3
331 956 366 979 v.
393 942 525 979 Aulul.
554 943 653 980 692:
693 942 816 989 „Nam
848 944 946 980 istos
979 956 1090 992 reges
1123 946 1272 980 ceteros
1303 957 1522 982 memorare
1552 946 1656 992 nolo,

154 1023 226 1059 ego
259 1024 343 1047 sum
367 1011 434 1047 ille
459 1024 527 1047 rex
544 1009 794 1060 Philippus“.
842 1011 1019 1048 Mi1.95:
1059 1011 1183 1057 „Nam
1216 1025 1287 1061 ego
1320 1012 1425 1049 haud
1458 1012 1526 1049 diu
1553 1014 1659 1063 apud

153 1079 254 1116 hunc
296 1079 529 1116 seruitutem
568 1080 719 1125 seruio,
760 1079 806 1115 Id
844 1080 937 1116 uolo
977 1092 1047 1116 uos
1086 1081 1204 1126 scire,
1239 1081 1436 1129 quomodo
1476 1081 1525 1117 ad
1556 1081 1660 1119 hunc

154 1147 378 1184 deuenerim
409 1147 454 1183 In
487 1147 760 1185 se1·uitute1n‘·.
806 1147 866 1184 Ibi
898 1147 1058 1197 quidem
1076 1148 1224 1185 Ritsch.
1250 1162 1387 1185 versus
1412 1151 1657 1198 transponit,

153 1216 222 1252 sed
252 1216 357 1253 idem
387 1216 547 1264 reliquit
579 1215 699 1252 Most.
728 1216 806 1253 748
836 1229 940 1266 sqq.:
979 1216 1104 1263 „Nam
1136 1217 1209 1253 sibi
1241 1216 1422 1254 laudasse
1453 1217 1569 1254 hasce
1601 1219 1658 1254 ait

154 1284 460 1321 architectonem
483 1283 624 1321 Nescio
652 1297 779 1333 quem,
807 1298 890 1321 esse
919 1284 1144 1322 aedificatas
1175 1284 1244 1321 has
1279 1298 1371 1322 sane
1402 1285 1512 1332 bene,
1545 1285 1659 1324 Nunc

152 1353 242 1390 hinc
274 1352 494 1402 exemplum
522 1366 662 1402 capere
686 1350 813 1390 uolt“.
859 1352 1055 1390 Accurate
1087 1366 1168 1389 rem
1199 1355 1402 1403 reputanti
1434 1355 1657 1393 coniunctio

152 1423 191 1458 in
230 1421 291 1458 his
330 1434 407 1458 non
446 1425 529 1458 tam
576 1421 625 1457 ad
671 1422 876 1470 sequentia
922 1420 1112 1467 refertur,
1161 1435 1279 1471 quam
1325 1421 1375 1458 ad
1420 1425 1657 1461 sententiam

154 1491 358 1536 omissam,
406 1502 491 1538 quae
537 1492 697 1538 postea,
747 1503 823 1539 quo
871 1489 1014 1526 clarius
1069 1490 1234 1526 dicentis
1286 1503 1396 1526 mens
1450 1495 1655 1541 appareat,

153 1558 314 1594 disertis
346 1557 476 1594 verbis
509 1557 680 1595 additur.
739 1558 903 1604 Vocem,
937 1571 1023 1606 quae
1055 1558 1149 1594 mihi
1181 1557 1301 1594 dubia
1331 1559 1553 1606 videbatur,
1588 1573 1656 1596 no-

152 1627 254 1671 tavi3
295 1625 425 1662 delere
465 1639 543 1662 non
582 1639 667 1662 sum
700 1639 826 1662 ausus,
890 1625 1052 1662 Loman.
1085 1625 1252 1675 Specim.
1285 1640 1324 1676 p.
1360 1628 1402 1663 2:
1448 1627 1555 1674 „Iam
1586 1641 1656 1678 ego

152 1707 222 1730 uos
261 1695 416 1730 nouisse
458 1693 573 1730 credo
612 1696 655 1731 ut
694 1695 745 1730 sit
783 1697 897 1743 pater
935 1692 1083 1739 meus“,
1132 1707 1209 1742 qua
1248 1695 1402 1731 ratione
1441 1708 1578 1733 versus
1615 1697 1656 1733 in

153 1762 251 1798 duos
283 1761 434 1798 iambos
466 1763 566 1808 exit3
599 1763 640 1798 in
673 1761 786 1799 codd.
818 1762 1060 1810 penultimus
1091 1775 1160 1810 pes
1188 1761 1369 1810 dactylus
1395 1767 1453 1800 est
1475 1765 1657 1813 neglecta

151 1830 351 1878 positione
383 1831 423 1866 in
454 1843 536 1867 voc.
576 1827 763 1879 „pater“;
796 1829 855 1866 Fl.
894 1843 1026 1876 „meus
1058 1828 1197 1878 patei-‘⁵
1236 1830 1295 1868 ed.
1319 1850 1375 1854 —
1399 1831 1447 1868 ut
1468 1829 1537 1878 sit,
1570 1833 1594 1869 i.
1623 1846 1654 1869 e.

153 1898 281 1946 qualis
313 1898 382 1942 sit,
418 1899 464 1935 cf.
499 1898 587 1935 Ter.
620 1898 762 1935 Heaut.
797 1899 899 1935 436:
950 1898 1062 1944 „Non
1094 1901 1137 1934 tu
1169 1899 1203 1934 ei
1235 1899 1373 1935 dixisti
1403 1903 1447 1936 ut
1477 1898 1651 1936 essem‘?“

153 1986 208 1990 —
242 1967 331 2003 105.
375 1962 478 2004 liber
515 1964 664 2005 harum
705 1977 840 2004 rerum
880 1962 1126 2012 multarum,
1168 1967 1192 2003 i.
1229 1980 1260 2003 e.
1301 1968 1343 2003 in
1382 1968 1516 2004 multis
1555 1970 1655 2005 eius-

153 2033 260 2070 modi
299 2033 428 2071 rebus.
490 2034 547 2071 De
584 2036 768 2084 genetivo
808 2048 843 2071 v,
876 2034 1008 2071 Madv,
1051 2033 1116 2071 Gr.
1150 2034 1239 2071 Lat.
1282 2036 1361 2072 290
1400 2049 1443 2085 g;
1488 2036 1533 2073 cf.
1567 2036 1653 2073 Ter.

152 2101 252 2138 Eun.
289 2104 388 2139 248:
441 2103 537 2149 „Est
577 2115 700 2150 genus
738 2103 957 2148 hominum,
999 2103 1066 2152 qui
1107 2116 1189 2139 esse
1230 2103 1380 2151 primos
1412 2117 1450 2141 se
1483 2106 1656 2141 omnium

153 2183 282 2206 rerum
320 2169 503 2208 uolunt“.
565 2170 671 2208 Trin.
706 2172 806 2208 454:
861 2171 995 2217 „Satin
1034 2175 1079 2207 tu
1122 2185 1160 2208 es
1201 2184 1317 2207 sanus
1356 2173 1498 2209 mentis
1537 2176 1655 2221 atque

154 2239 272 2274 animi
304 2236 415 2274 tui‘?“
451 2238 581 2275 Etiam
598 2239 715 2288 Epid.
738 2241 835 2276 139:
875 2239 1150 2288 „Desipiebam
1178 2237 1363 2276 mentis“.
1394 2260 1441 2263 ——
1476 2241 1565 2277 106.
1599 2238 1658 2278 sit

153 2306 291 2354 scripsi
324 2319 409 2343 cum
427 2306 714 2356 Lindemanno,
748 2320 836 2343 nam
867 2308 921 2343 sic
952 2307 1301 2356 pronuntiandum.
1349 2307 1500 2344 Loman
1533 2312 1570 2345 et
1593 2309 1652 2345 Fl.

152 2373 353 2410 licentius:
393 2375 448 2419 „si
479 2375 514 2410 ei
546 2374 682 2423 quid“.
729 2375 831 2411 Ante
861 2373 970 2424 qnod
995 2377 1181 2412 omissum
1214 2379 1271 2412 est
1307 2374 1457 2423 „eius“,
1491 2376 1569 2412 vid.
1605 2376 1655 2413 ad

154 2454 188 2478 V.
225 2442 288 2478 38.
330 2461 381 2466 —-
426 2443 516 2479 107.
558 2440 692 2491 coepit
729 2442 863 2489 codd.;
905 2445 1055 2480 erravit
1093 2443 1259 2489 Pareus,
1308 2444 1412 2492 quod
1459 2443 1583 2480 codici
1622 2445 1653 2481 B

158 2510 360 2559 ,‚occepit“
396 2510 548 2547 tribuit.
582 2531 637 2535 —
672 2512 761 2548 109.
797 2508 833 2548 ἰδ’
865 2521 974 2557 emm·
1012 2512 1094 2548 haec
1134 2511 1277 2560 frigere
1317 2511 1534 2548 editoribus
1571 2513 1655 2549 visa

154 2580 254 2623 sunt,
282 2591 402 2626 quare
419 2577 534 2615 Both.
566 2576 733 2625 „etiam“
763 2580 935 2628 scripsit,
962 2579 1192 2616 Lindeman.
1220 2580 1419 2628 ceterique
1448 2579 1653 2627 „itidem·‘.

158 2665 205 2669 —
244 2646 333 2682 111.
366 2646 622 2695 Anapaestum
656 2648 696 2683 in
728 2652 870 2696 quarto
902 2647 1001 2697 pede
1034 2661 1113 2685 non
1145 2648 1274 2684 ferens
1303 2647 1362 2684 Fl.
1400 2661 1574 2693 „summo
1608 2662 1654 2684 ex

154 2712 274 2750 Ioue“
317 2713 453 2751 edidit.
486 2734 542 2739 —
585 2716 675 2751 114.
709 2725 799 2753 cnm
832 2715 1006 2753 Lindem.
1049 2716 1215 2753 addidit.
1258 2736 1306 2740 -—
1353 2717 1442 2752 116.
1476 2714 1653 2754 (almire-

190 2821 222 2865 *)
248 2822 329 2858 Huc
355 2823 519 2867 pertinet
545 2824 656 2857 etiam
682 2823 845 2869 Thucyd.
870 2824 939 2866 III,
966 2826 1020 2867 67,
1048 2826 1084 2867 5,
1117 2825 1178 2868 qui
1211 2825 1314 2859 locus
1349 2825 1400 2858 sic
1435 2825 1653 2859 scribendus

246 2880 412 2914 Videtur:
450 2885 518 2921 καὶ,
558 2886 669 2924 ἔννομα
708 2883 766 2926 γὰρ
805 2887 964 2915 πείσονται
1002 2884 1069 2924 οὐχὶ
1107 2890 1140 2916 ἐκ
1170 2884 1271 2924 μάχης
1299 2890 1407 2926 χεῖρας
1439 2884 1653 2926 προσχόμειυι,

247 2942 352 2983 ὥσπερ
385 2944 497 2981 φασίν,
531 2941 597 2971 ἀλλ’
625 2939 688 2972 ἀπὸ
714 2941 897 2983 ξυμμάσεως
922 2944 952 2977 ἐς
978 2943 1062 2980 δίκην
1089 2945 1172 2982 σφᾶς
1198 2940 1310 2977 αὐτοὺς
1336 2941 1544 2983 παραδόντες,
1571 2940 1653 2980 dmi—

248 3009 318 3027 ναῖε
345 3000 406 3027 υιρἰ.
