1926 3275
316 330 395 369 108
998 321 1124 356 Plauti
1466 321 1514 365 II,
1529 323 1562 365 4,
1575 321 1731 366 88-ΙΠ,
1746 323 1776 365 1,
1790 321 1812 356 6

312 451 459 505 Lupus
490 454 558 492 est
587 449 715 491 homo
746 448 929 500 homini,
968 462 1055 489 non
1091 447 1239 498 homo,
1279 460 1411 500 quom
1449 446 1590 501 qualis
1631 447 1688 488 sit
1726 460 1814 488 non

1269 519 1405 560 nouit.

943 589 1183 631 Leonida

313 665 407 707 Iam
432 677 548 705 nunc
572 663 762 705 secunda
785 663 889 704 mihi
911 661 1031 703 facis.
1076 660 1254 702 Scibam
1277 660 1379 701 huic
1401 664 1446 702 te
1471 660 1661 714 capitulo
1684 660 1814 702 hodie

313 736 551 783 Facturum
583 735 688 776 satis
720 748 797 788 pro
826 734 998 775 iniuria.
1032 733 1303 785 Quamquam
1329 745 1407 785 ego
1434 746 1530 773 sum
1554 732 1815 785 sordidatus,

314 807 447 861 Frugi
475 811 627 848 tamen
658 820 753 847 sum
782 819 863 847 nec
893 808 1041 859 potest
1070 804 1289 858 peculium
1321 804 1578 845 enumerari.

931 891 1200 933 Mercator

315 951 530 993 Fortasse.

948 1018 1186 1060 Leonida

529 1092 676 1133 Etiam
705 1091 833 1132 hodie
864 1090 1133 1144 Periphanes
1163 1089 1317 1131 Rhodo
1349 1093 1567 1131 mercator
1596 1089 1718 1130 diues
1750 1095 1819 1128 495

317 1164 507 1205 Absente
540 1177 612 1205 ero
645 1163 759 1204 solus
790 1163 896 1204 mihi
925 1162 1141 1203 talentum
1173 1162 1341 1215 argenti
1372 1161 1454 1203 soli

316 1236 574 1277 Numerauit
604 1238 648 1276 et
677 1234 783 1275 mihi
814 1234 999 1275 credidit
1028 1236 1215 1287 nequest
1244 1232 1451 1287 deceptus
1480 1232 1526 1273 in
1557 1246 1622 1274 eo.

936 1320 1207 1361 Mercator

317 1379 532 1421 Fortasse.

951 1447 1188 1489 Leonida

554 1520 695 1574 Atque
728 1520 860 1561 etiam
889 1523 938 1560 tu
969 1533 1140 1573 quoque
1172 1519 1263 1573 ipse
1297 1519 1333 1559 si
1364 1531 1481 1559 esses
1511 1520 1792 1571 percontatus

320 1593 386 1634 Ex
417 1592 525 1644 aliis,
558 1592 646 1633 scio
679 1591 752 1645 pol
784 1590 981 1632 crederes
1012 1604 1126 1631 nunc
1157 1590 1273 1644 quod
1302 1589 1402 1631 fers.

939 1677 983 1717 M
994 1691 1015 1718 e
1026 1691 1047 1717 r
1058 1690 1079 1717 c
1090 1690 1115 1717 a
1124 1679 1143 1717 t
1153 1691 1176 1718 0
1185 1690 1208 1717 r

1432 1731 1563 1773 Haud
1590 1731 1820 1785 negassim.

449 1987 747 2030 CLEARETA
776 1987 940 2028 LENA.
1000 1986 1359 2028 PHILAENIUM
1388 1985 1700 2027 MERETRIX.

949 2087 1199 2130 Cleareta

324 2162 559 2215 Nequeone
591 2174 668 2213 ego
699 2161 775 2201 ted
802 2159 1048 2201 interdictis
1079 2160 1224 2201 facere
1255 2162 1524 2200 mansuetem
1554 2158 1690 2200 meis?
1757 2163 1825 2198 500

325 2232 392 2274 An
422 2233 485 2273 ita
514 2235 564 2273 tu
595 2245 640 2272 es
672 2231 866 2272 animata
896 2235 945 2272 ut
977 2232 1050 2285 qui
1082 2245 1234 2283 expers
1264 2230 1417 2271 matris
1448 2230 1590 2283 inperi
1619 2229 1729 2271 sies?

909 2301 1244 2343 Philaenium

326 2374 393 2415 Ibi
423 2374 539 2428 piem
569 2373 789 2427 pietatem,
823 2373 859 2414 81
888 2373 998 2414 istoc
1029 2386 1148 2413 more
1179 2376 1395 2413 moratam
1424 2371 1506 2413 tibi

325 2445 548 2487 Postulcm
578 2445 766 2498 placere,
796 2448 947 2495 mater,
979 2444 1084 2484 mihi
1116 2457 1200 2497 quo
1232 2447 1361 2497 pacto
1392 2442 1640 2497 praecipis?

953 2514 1206 2556 Cleareta

329 2587 414 2641 [An
446 2588 694 2629 decorumst
724 2586 950 2627 aduorsari
979 2586 1084 2627 meis
1115 2589 1158 2626 te
1190 2584 1462 2639 praeceptis?
1495 2583 1607 2634 Quid
1639 2582 1749 2637 estP]

328 2659 538 2700 Hocincst
568 2658 776 2711 pietatem
811 2658 966 2708 colere,
996 2657 1211 2711 inperium
1241 2657 1393 2698 matris
1423 2655 1646 2697 minuere?
1759 2660 1825 2694 505

421 2772 488 2802 4512
513 2770 634 2802 cibam
727 2770 794 2803 495
818 2768 944 2802 Etiam
968 2779 1067 2802 nunc
1093 2768 1176 2801 dico
1268 2769 1337 2802 497
1360 2766 1632 2801 Adnumerauit
1699 2768 1734 2801 st
1757 2775 1823 2801 om.

328 2826 395 2859 499
421 2825 481 2858 Me
507 2836 551 2858 ex
576 2825 657 2859 aliis
717 2836 788 2868 quo
814 2825 854 2858 id
941 2826 1008 2858 500
1032 2827 1068 2858 tc
1128 2827 1362 2858 mansuetam
1450 2825 1515 2857 501
1540 2823 1670 2858 matris
1695 2833 1826 2867 expers

329 2883 395 2915 502
420 2881 492 2915 Ubi
549 2881 623 2914 isto
718 2882 783 2914 505
807 2881 936 2915 matris
961 2880 1156 2925 imperium
