<?xml version="1.0" encoding="UTF-8"?>
<!DOCTYPE html PUBLIC "-//W3C//DTD XHTML 1.0 Transitional//EN"
    "http://www.w3.org/TR/xhtml1/DTD/xhtml1-transitional.dtd">
<html xmlns="http://www.w3.org/1999/xhtml" xml:lang="en" lang="en">
 <head>
  <title>
</title>
<meta http-equiv="Content-Type" content="text/html;charset=utf-8" />
  <meta name='ocr-system' content='tesseract 3.04.00' />
  <meta name='ocr-capabilities' content='ocr_page ocr_carea ocr_par ocr_line ocrx_word'/>
</head>
<body>
  <div class='ocr_page' id='page_1' title='image "./comoediaerecensv01plauuoft_0210.png"; bbox 0 0 1926 3275; ppageno 0'>
   <div class='ocr_carea' id='block_1_1' title="bbox 258 318 1145 363">
    <p class='ocr_par' dir='ltr' id='par_1_1' title="bbox 258 318 1145 363">
     <span class='ocr_line' id='line_1_1' title="bbox 258 318 1145 363; baseline -0.002 -10"><span class='ocrx_word' id='word_1_1' title='bbox 258 325 277 363; x_wconf 80' lang='lat'>1</span> <span class='ocrx_word' id='word_1_2' title='bbox 286 324 337 363; x_wconf 79' lang='lat'>92</span> <span class='ocrx_word' id='word_1_3' title='bbox 865 318 1145 362; x_wconf 82' lang='lat' dir='ltr'>Prolegomena.</span> 
     </span>
    </p>
   </div>
   <div class='ocr_carea' id='block_1_2' title="bbox 255 445 1926 2465">
    <p class='ocr_par' dir='ltr' id='par_1_2' title="bbox 255 445 1767 1379">
     <span class='ocr_line' id='line_1_2' title="bbox 255 445 1758 493; baseline -0.002 -6"><span class='ocrx_word' id='word_1_4' title='bbox 255 449 474 487; x_wconf 84' lang='lat' dir='ltr'>similitudo</span> <span class='ocrx_word' id='word_1_5' title='bbox 512 461 766 486; x_wconf 88' lang='lat' dir='ltr'>numerorum</span> <span class='ocrx_word' id='word_1_6' title='bbox 805 451 844 484; x_wconf 92' lang='lat' dir='ltr'>et</span> <span class='ocrx_word' id='word_1_7' title='bbox 882 445 1090 484; x_wconf 89' lang='lat' dir='ltr'>modorum</span> <span class='ocrx_word' id='word_1_8' title='bbox 1120 446 1423 484; x_wconf 89' lang='lat' dir='ltr'>similitudinem</span> <span class='ocrx_word' id='word_1_9' title='bbox 1455 446 1758 493; x_wconf 85' lang='lat' dir='ltr'>commendavit,</span> 
     </span>
     <span class='ocr_line' id='line_1_3' title="bbox 257 512 1758 566; baseline -0.002 -11"><span class='ocrx_word' id='word_1_10' title='bbox 257 518 326 555; x_wconf 83' lang='lat' dir='ltr'>sed</span> <span class='ocrx_word' id='word_1_11' title='bbox 361 531 441 555; x_wconf 88' lang='lat' dir='ltr'>non</span> <span class='ocrx_word' id='word_1_12' title='bbox 477 520 524 555; x_wconf 87' lang='lat' dir='ltr'>ut</span> <span class='ocrx_word' id='word_1_13' title='bbox 562 516 734 566; x_wconf 77' lang='lat' dir='ltr'>strophae</span> <span class='ocrx_word' id='word_1_14' title='bbox 766 515 993 553; x_wconf 77' lang='lat' dir='ltr'>Graecorum</span> <span class='ocrx_word' id='word_1_15' title='bbox 1032 514 1149 551; x_wconf 91' lang='lat' dir='ltr'>certis</span> <span class='ocrx_word' id='word_1_16' title='bbox 1186 514 1283 551; x_wconf 87' lang='lat' dir='ltr'>locis</span> <span class='ocrx_word' id='word_1_17' title='bbox 1320 512 1487 564; x_wconf 82' lang='lat' dir='ltr'>fixisque</span> <span class='ocrx_word' id='word_1_18' title='bbox 1525 514 1758 552; x_wconf 86' lang='lat' dir='ltr'>intervallis.</span> 
     </span>
     <span class='ocr_line' id='line_1_4' title="bbox 257 582 1759 631; baseline -0.002 -8"><span class='ocrx_word' id='word_1_19' title='bbox 257 586 339 623; x_wconf 78' lang='lat' dir='ltr'>Nec</span> <span class='ocrx_word' id='word_1_20' title='bbox 375 589 507 623; x_wconf 90' lang='lat' dir='ltr'>tamen</span> <span class='ocrx_word' id='word_1_21' title='bbox 549 585 655 622; x_wconf 89' lang='lat' dir='ltr'>omni</span> <span class='ocrx_word' id='word_1_22' title='bbox 696 584 783 631; x_wconf 87' lang='lat' dir='ltr'>lege</span> <span class='ocrx_word' id='word_1_23' title='bbox 821 583 950 620; x_wconf 86' lang='lat' dir='ltr'>soluta</span> <span class='ocrx_word' id='word_1_24' title='bbox 986 582 1085 619; x_wconf 87' lang='lat' dir='ltr'>talia</span> <span class='ocrx_word' id='word_1_25' title='bbox 1124 582 1278 619; x_wconf 88' lang='lat' dir='ltr'>cantica</span> <span class='ocrx_word' id='word_1_26' title='bbox 1319 595 1402 619; x_wconf 84' lang='lat' dir='ltr'>esse</span> <span class='ocrx_word' id='word_1_27' title='bbox 1433 582 1628 620; x_wconf 86' lang='lat' dir='ltr'>censenda</span> <span class='ocrx_word' id='word_1_28' title='bbox 1657 586 1759 620; x_wconf 89' lang='lat' dir='ltr'>sunt.</span> 
     </span>
     <span class='ocr_line' id='line_1_5' title="bbox 256 650 1761 701; baseline -0.003 -10"><span class='ocrx_word' id='word_1_29' title='bbox 256 653 368 692; x_wconf 91' lang='lat' dir='ltr'>Unus</span> <span class='ocrx_word' id='word_1_30' title='bbox 406 653 638 701; x_wconf 85' lang='lat' dir='ltr'>plerumque</span> <span class='ocrx_word' id='word_1_31' title='bbox 675 664 747 700; x_wconf 90' lang='lat' dir='ltr'>per</span> <span class='ocrx_word' id='word_1_32' title='bbox 784 654 913 688; x_wconf 91' lang='lat' dir='ltr'>totum</span> <span class='ocrx_word' id='word_1_33' title='bbox 953 651 1148 687; x_wconf 88' lang='lat' dir='ltr'>canticum</span> <span class='ocrx_word' id='word_1_34' title='bbox 1186 653 1370 687; x_wconf 86' lang='lat' dir='ltr'>servatur</span> <span class='ocrx_word' id='word_1_35' title='bbox 1409 650 1537 698; x_wconf 88' lang='lat' dir='ltr'>color,</span> <span class='ocrx_word' id='word_1_36' title='bbox 1575 663 1648 688; x_wconf 87' lang='lat' dir='ltr'>nec</span> <span class='ocrx_word' id='word_1_37' title='bbox 1677 651 1761 688; x_wconf 89' lang='lat' dir='ltr'>sine</span> 
     </span>
     <span class='ocr_line' id='line_1_6' title="bbox 258 718 1764 768; baseline -0.003 -10"><span class='ocrx_word' id='word_1_38' title='bbox 258 721 414 758; x_wconf 77' lang='lat' dir='ltr'>ratione</span> <span class='ocrx_word' id='word_1_39' title='bbox 444 720 642 757; x_wconf 87' lang='lat' dir='ltr'>contraria</span> <span class='ocrx_word' id='word_1_40' title='bbox 671 720 910 768; x_wconf 71' lang='lat' dir='ltr'>iunguntur,</span> <span class='ocrx_word' id='word_1_41' title='bbox 950 718 1150 756; x_wconf 82' lang='lat' dir='ltr'>contraria</span> <span class='ocrx_word' id='word_1_42' title='bbox 1188 720 1323 755; x_wconf 88' lang='lat' dir='ltr'>autem</span> <span class='ocrx_word' id='word_1_43' title='bbox 1361 721 1452 755; x_wconf 88' lang='lat' dir='ltr'>sunt</span> <span class='ocrx_word' id='word_1_44' title='bbox 1482 730 1568 767; x_wconf 86' lang='lat' dir='ltr'>quae</span> <span class='ocrx_word' id='word_1_45' title='bbox 1600 718 1648 755; x_wconf 88' lang='lat' dir='ltr'>ab</span> <span class='ocrx_word' id='word_1_46' title='bbox 1682 718 1764 756; x_wconf 85' lang='lat' dir='ltr'>arsi</span> 
     </span>
     <span class='ocr_line' id='line_1_7' title="bbox 257 783 1761 838; baseline -0.002 -13"><span class='ocrx_word' id='word_1_47' title='bbox 257 789 451 838; x_wconf 75' lang='lat' dir='ltr'>incipiant</span> <span class='ocrx_word' id='word_1_48' title='bbox 497 785 653 834; x_wconf 84' lang='lat' dir='ltr'>(iambi,</span> <span class='ocrx_word' id='word_1_49' title='bbox 696 786 903 836; x_wconf 73' lang='lat' dir='ltr'>anapaesti,</span> <span class='ocrx_word' id='word_1_50' title='bbox 944 783 1114 833; x_wconf 86' lang='lat' dir='ltr'>bacchii)</span> <span class='ocrx_word' id='word_1_51' title='bbox 1156 788 1197 823; x_wconf 88' lang='lat' dir='ltr'>et</span> <span class='ocrx_word' id='word_1_52' title='bbox 1235 798 1321 835; x_wconf 88' lang='lat' dir='ltr'>quae</span> <span class='ocrx_word' id='word_1_53' title='bbox 1360 799 1382 823; x_wconf 86' lang='lat' dir='ltr'>a</span> <span class='ocrx_word' id='word_1_54' title='bbox 1419 785 1525 823; x_wconf 87' lang='lat' dir='ltr'>thesi</span> <span class='ocrx_word' id='word_1_55' title='bbox 1567 783 1761 833; x_wconf 78' lang='lat' dir='ltr'>(trochaei,</span> 
     </span>
     <span class='ocr_line' id='line_1_8' title="bbox 257 852 1760 904; baseline -0.001 -12"><span class='ocrx_word' id='word_1_56' title='bbox 257 855 426 904; x_wconf 85' lang='lat' dir='ltr'>dactyli,</span> <span class='ocrx_word' id='word_1_57' title='bbox 459 852 626 902; x_wconf 77' lang='lat' dir='ltr'>cretici).</span> <span class='ocrx_word' id='word_1_58' title='bbox 686 855 830 903; x_wconf 83' lang='lat' dir='ltr'>Itaque</span> <span class='ocrx_word' id='word_1_59' title='bbox 870 855 1064 903; x_wconf 72' lang='lat' dir='ltr'>anapaesti</span> <span class='ocrx_word' id='word_1_60' title='bbox 1105 866 1191 891; x_wconf 91' lang='lat' dir='ltr'>cum</span> <span class='ocrx_word' id='word_1_61' title='bbox 1230 853 1386 891; x_wconf 84' lang='lat' dir='ltr'>creticis</span> <span class='ocrx_word' id='word_1_62' title='bbox 1427 867 1510 891; x_wconf 90' lang='lat' dir='ltr'>non·</span> <span class='ocrx_word' id='word_1_63' title='bbox 1537 854 1760 901; x_wconf 84' lang='lat' dir='ltr'>miscentur,</span> 
     </span>
     <span class='ocr_line' id='line_1_9' title="bbox 258 921 1764 972; baseline -0.001 -12"><span class='ocrx_word' id='word_1_64' title='bbox 258 936 329 960; x_wconf 81' lang='lat' dir='ltr'>nec</span> <span class='ocrx_word' id='word_1_65' title='bbox 375 923 490 960; x_wconf 87' lang='lat' dir='ltr'>facile</span> <span class='ocrx_word' id='word_1_66' title='bbox 535 922 582 960; x_wconf 91' lang='lat' dir='ltr'>ab</span> <span class='ocrx_word' id='word_1_67' title='bbox 629 922 771 959; x_wconf 83' lang='lat' dir='ltr'>iambis</span> <span class='ocrx_word' id='word_1_68' title='bbox 820 921 870 958; x_wconf 84' lang='lat' dir='ltr'>ad</span> <span class='ocrx_word' id='word_1_69' title='bbox 914 921 1108 958; x_wconf 73' lang='lat' dir='ltr'>trochaeos</span> <span class='ocrx_word' id='word_1_70' title='bbox 1152 922 1346 959; x_wconf 84' lang='lat' dir='ltr'>transitur</span> <span class='ocrx_word' id='word_1_71' title='bbox 1394 922 1472 959; x_wconf 88' lang='lat' dir='ltr'>nisi</span> <span class='ocrx_word' id='word_1_72' title='bbox 1517 922 1764 972; x_wconf 82' lang='lat' dir='ltr'>interpositis</span> 
     </span>
     <span class='ocr_line' id='line_1_10' title="bbox 259 989 1763 1039; baseline -0.001 -11"><span class='ocrx_word' id='word_1_73' title='bbox 259 991 424 1028; x_wconf 83' lang='lat' dir='ltr'>creticis.</span> <span class='ocrx_word' id='word_1_74' title='bbox 471 990 618 1027; x_wconf 89' lang='lat' dir='ltr'>Verum</span> <span class='ocrx_word' id='word_1_75' title='bbox 641 991 871 1039; x_wconf 86' lang='lat' dir='ltr'>interrupta</span> <span class='ocrx_word' id='word_1_76' title='bbox 901 989 1033 1026; x_wconf 87' lang='lat' dir='ltr'>subito</span> <span class='ocrx_word' id='word_1_77' title='bbox 1064 990 1262 1026; x_wconf 85' lang='lat' dir='ltr'>sententia</span> <span class='ocrx_word' id='word_1_78' title='bbox 1293 993 1361 1027; x_wconf 86' lang='lat' dir='ltr'>aut</span> <span class='ocrx_word' id='word_1_79' title='bbox 1391 990 1523 1028; x_wconf 88' lang='lat' dir='ltr'>animo</span> <span class='ocrx_word' id='word_1_80' title='bbox 1554 990 1763 1028; x_wconf 84' lang='lat' dir='ltr'>vehemen-</span> 
     </span>
     <span class='ocr_line' id='line_1_11' title="bbox 258 1057 1762 1106; baseline 0 -10"><span class='ocrx_word' id='word_1_81' title='bbox 258 1061 337 1096; x_wconf 88' lang='lat' dir='ltr'>tius</span> <span class='ocrx_word' id='word_1_82' title='bbox 368 1062 563 1096; x_wconf 90' lang='lat' dir='ltr'>commoto</span> <span class='ocrx_word' id='word_1_83' title='bbox 593 1058 695 1095; x_wconf 91' lang='lat' dir='ltr'>nihil</span> <span class='ocrx_word' id='word_1_84' title='bbox 725 1058 870 1104; x_wconf 85' lang='lat' dir='ltr'>obstat,</span> <span class='ocrx_word' id='word_1_85' title='bbox 904 1069 981 1106; x_wconf 87' lang='lat' dir='ltr'>quo</span> <span class='ocrx_word' id='word_1_86' title='bbox 1009 1057 1138 1094; x_wconf 85' lang='lat' dir='ltr'>minus</span> <span class='ocrx_word' id='word_1_87' title='bbox 1165 1058 1285 1094; x_wconf 85' lang='lat' dir='ltr'>etiam</span> <span class='ocrx_word' id='word_1_88' title='bbox 1311 1058 1512 1095; x_wconf 88' lang='lat' dir='ltr'>contraria</span> <span class='ocrx_word' id='word_1_89' title='bbox 1534 1058 1762 1106; x_wconf 83' lang='lat' dir='ltr'>iungantur.</span> 
     </span>
     <span class='ocr_line' id='line_1_12' title="bbox 261 1124 1764 1174; baseline 0 -11"><span class='ocrx_word' id='word_1_90' title='bbox 261 1126 509 1164; x_wconf 86' lang='lat' dir='ltr'>Canticorum</span> <span class='ocrx_word' id='word_1_91' title='bbox 547 1127 721 1163; x_wconf 89' lang='lat' dir='ltr'>rationes</span> <span class='ocrx_word' id='word_1_92' title='bbox 761 1125 967 1174; x_wconf 87' lang='lat' dir='ltr'>explorare</span> <span class='ocrx_word' id='word_1_93' title='bbox 1006 1125 1161 1162; x_wconf 87' lang='lat' dir='ltr'>studuit</span> <span class='ocrx_word' id='word_1_94' title='bbox 1191 1124 1410 1163; x_wconf 90' lang='lat' dir='ltr'>Gulielmus</span> <span class='ocrx_word' id='word_1_95' title='bbox 1443 1125 1694 1163; x_wconf 87' lang='lat' dir='ltr'>Studemund</span> <span class='ocrx_word' id='word_1_96' title='bbox 1723 1127 1764 1163; x_wconf 90' lang='lat' dir='ltr'>in</span> 
     </span>
     <span class='ocr_line' id='line_1_13' title="bbox 261 1192 1765 1244; baseline 0 -13"><span class='ocrx_word' id='word_1_97' title='bbox 261 1194 537 1232; x_wconf 82' lang='lat' dir='ltr'>dissertatione</span> <span class='ocrx_word' id='word_1_98' title='bbox 567 1194 791 1244; x_wconf 81' lang='lat' dir='ltr'>inaugurali</span> <span class='ocrx_word' id='word_1_99' title='bbox 820 1194 941 1231; x_wconf 80' lang='lat'>1864.</span> <span class='ocrx_word' id='word_1_100' title='bbox 987 1192 1090 1230; x_wconf 89' lang='lat' dir='ltr'>Eum</span> <span class='ocrx_word' id='word_1_101' title='bbox 1123 1192 1248 1240; x_wconf 88' lang='lat' dir='ltr'>adeat,</span> <span class='ocrx_word' id='word_1_102' title='bbox 1274 1194 1343 1242; x_wconf 89' lang='lat' dir='ltr'>qui</span> <span class='ocrx_word' id='word_1_103' title='bbox 1367 1194 1500 1231; x_wconf 86' lang='lat' dir='ltr'>omnia</span> <span class='ocrx_word' id='word_1_104' title='bbox 1522 1194 1765 1244; x_wconf 88' lang='lat' dir='ltr'>perlustrare</span> 
     </span>
     <span class='ocr_line' id='line_1_14' title="bbox 259 1261 1767 1312; baseline 0 -13"><span class='ocrx_word' id='word_1_105' title='bbox 259 1262 375 1309; x_wconf 78' lang='lat' dir='ltr'>velit,</span> <span class='ocrx_word' id='word_1_106' title='bbox 416 1276 489 1300; x_wconf 86' lang='lat' dir='ltr'>nos</span> <span class='ocrx_word' id='word_1_107' title='bbox 528 1262 683 1312; x_wconf 83' lang='lat' dir='ltr'>singula</span> <span class='ocrx_word' id='word_1_108' title='bbox 720 1263 800 1298; x_wconf 90' lang='lat' dir='ltr'>suis</span> <span class='ocrx_word' id='word_1_109' title='bbox 839 1274 1004 1310; x_wconf 81' lang='lat' dir='ltr'>quaeque</span> <span class='ocrx_word' id='word_1_110' title='bbox 1043 1261 1139 1298; x_wconf 88' lang='lat' dir='ltr'>locis</span> <span class='ocrx_word' id='word_1_111' title='bbox 1177 1261 1456 1309; x_wconf 78' lang='lat' dir='ltr'>tractabimus3</span> <span class='ocrx_word' id='word_1_112' title='bbox 1494 1262 1557 1299; x_wconf 88' lang='lat' dir='ltr'>hic</span> <span class='ocrx_word' id='word_1_113' title='bbox 1588 1262 1767 1312; x_wconf 86' lang='lat' dir='ltr'>exempla</span> 
     </span>
     <span class='ocr_line' id='line_1_15' title="bbox 263 1328 1383 1379; baseline 0.001 -13"><span class='ocrx_word' id='word_1_114' title='bbox 263 1329 441 1379; x_wconf 75' lang='lat' dir='ltr'>quaedam</span> <span class='ocrx_word' id='word_1_115' title='bbox 473 1331 780 1379; x_wconf 83' lang='lat' dir='ltr'>compositorum</span> <span class='ocrx_word' id='word_1_116' title='bbox 810 1342 997 1367; x_wconf 86' lang='lat' dir='ltr'>versuum</span> <span class='ocrx_word' id='word_1_117' title='bbox 1029 1329 1168 1367; x_wconf 86' lang='lat' dir='ltr'>afferre</span> <span class='ocrx_word' id='word_1_118' title='bbox 1200 1328 1383 1367; x_wconf 87' lang='lat' dir='ltr'>sufficiat.</span> 
     </span>
    </p>

    <p class='ocr_par' dir='ltr' id='par_1_3' title="bbox 262 1397 1769 1855">
     <span class='ocr_line' id='line_1_16' title="bbox 375 1397 1765 1447; baseline 0.001 -13"><span class='ocrx_word' id='word_1_119' title='bbox 375 1397 624 1447; x_wconf 86' lang='lat' dir='ltr'>Frequenter</span> <span class='ocrx_word' id='word_1_120' title='bbox 655 1401 868 1436; x_wconf 85' lang='lat' dir='ltr'>occurrunt</span> <span class='ocrx_word' id='word_1_121' title='bbox 897 1410 1035 1435; x_wconf 86' lang='lat' dir='ltr'>versus</span> <span class='ocrx_word' id='word_1_122' title='bbox 1067 1411 1115 1434; x_wconf 87' lang='lat' dir='ltr'>ex</span> <span class='ocrx_word' id='word_1_123' title='bbox 1145 1397 1297 1434; x_wconf 86' lang='lat' dir='ltr'>duobus</span> <span class='ocrx_word' id='word_1_124' title='bbox 1323 1397 1479 1435; x_wconf 84' lang='lat' dir='ltr'>creticis</span> <span class='ocrx_word' id='word_1_125' title='bbox 1503 1399 1542 1434; x_wconf 85' lang='lat' dir='ltr'>et</span> <span class='ocrx_word' id='word_1_126' title='bbox 1564 1397 1765 1435; x_wconf 82' lang='lat' dir='ltr'>trochaico</span> 
     </span>
     <span class='ocr_line' id='line_1_17' title="bbox 262 1464 1767 1516; baseline 0.001 -15"><span class='ocrx_word' id='word_1_127' title='bbox 262 1465 543 1515; x_wconf 83' lang='lat' dir='ltr'>semiquinario</span> <span class='ocrx_word' id='word_1_128' title='bbox 583 1467 808 1516; x_wconf 86' lang='lat' dir='ltr'>compositi,</span> <span class='ocrx_word' id='word_1_129' title='bbox 848 1469 893 1503; x_wconf 89' lang='lat' dir='ltr'>ut</span> <span class='ocrx_word' id='word_1_130' title='bbox 922 1466 1042 1504; x_wconf 86' lang='lat' dir='ltr'>Most.</span> <span class='ocrx_word' id='word_1_131' title='bbox 1078 1466 1177 1503; x_wconf 81' lang='lat'>130:</span> <span class='ocrx_word' id='word_1_132' title='bbox 1225 1465 1307 1512; x_wconf 78' lang='lat' dir='ltr'>„&#39;In</span> <span class='ocrx_word' id='word_1_133' title='bbox 1337 1464 1539 1502; x_wconf 81' lang='lat' dir='ltr'>fabrorum</span> <span class='ocrx_word' id='word_1_134' title='bbox 1569 1465 1767 1515; x_wconf 73' lang='lat' dir='ltr'>potestate</span> 
     </span>
     <span class='ocr_line' id='line_1_18' title="bbox 263 1531 1769 1584; baseline 0.001 -15"><span class='ocrx_word' id='word_1_135' title='bbox 263 1532 358 1570; x_wconf 90' lang='lat' dir='ltr'>dum</span> <span class='ocrx_word' id='word_1_136' title='bbox 387 1531 484 1571; x_wconf 82' lang='lat' dir='ltr'>fui“.</span> <span class='ocrx_word' id='word_1_137' title='bbox 531 1534 653 1572; x_wconf 89' lang='lat' dir='ltr'>Plura</span> <span class='ocrx_word' id='word_1_138' title='bbox 682 1534 761 1572; x_wconf 87' lang='lat' dir='ltr'>vid.</span> <span class='ocrx_word' id='word_1_139' title='bbox 789 1533 977 1584; x_wconf 87' lang='lat' dir='ltr'>Geppert.</span> <span class='ocrx_word' id='word_1_140' title='bbox 1004 1533 1116 1571; x_wconf 85' lang='lat' dir='ltr'>Stud.</span> <span class='ocrx_word' id='word_1_141' title='bbox 1143 1532 1173 1580; x_wconf 92' lang='lat' dir='ltr'>I,</span> <span class='ocrx_word' id='word_1_142' title='bbox 1204 1546 1244 1583; x_wconf 90' lang='lat' dir='ltr'>p.</span> <span class='ocrx_word' id='word_1_143' title='bbox 1278 1534 1328 1570; x_wconf 85' lang='lat'>33</span> <span class='ocrx_word' id='word_1_144' title='bbox 1361 1546 1419 1583; x_wconf 87' lang='lat' dir='ltr'>sq.</span> <span class='ocrx_word' id='word_1_145' title='bbox 1465 1532 1538 1570; x_wconf 84' lang='lat' dir='ltr'>His</span> <span class='ocrx_word' id='word_1_146' title='bbox 1567 1533 1769 1570; x_wconf 88' lang='lat' dir='ltr'>interdum</span> 
     </span>
     <span class='ocr_line' id='line_1_19' title="bbox 262 1601 1768 1652; baseline 0.001 -15"><span class='ocrx_word' id='word_1_147' title='bbox 262 1601 594 1650; x_wconf 86' lang='lat' dir='ltr'>intermiscentur,</span> <span class='ocrx_word' id='word_1_148' title='bbox 628 1603 696 1652; x_wconf 88' lang='lat' dir='ltr'>qui</span> <span class='ocrx_word' id='word_1_149' title='bbox 728 1616 775 1639; x_wconf 86' lang='lat' dir='ltr'>ex</span> <span class='ocrx_word' id='word_1_150' title='bbox 806 1602 961 1639; x_wconf 89' lang='lat' dir='ltr'>duobus</span> <span class='ocrx_word' id='word_1_151' title='bbox 994 1602 1151 1639; x_wconf 87' lang='lat' dir='ltr'>creticis</span> <span class='ocrx_word' id='word_1_152' title='bbox 1182 1604 1223 1638; x_wconf 90' lang='lat' dir='ltr'>et</span> <span class='ocrx_word' id='word_1_153' title='bbox 1252 1613 1393 1651; x_wconf 81' lang='lat' dir='ltr'>paeone</span> <span class='ocrx_word' id='word_1_154' title='bbox 1423 1602 1552 1651; x_wconf 90' lang='lat' dir='ltr'>primo</span> <span class='ocrx_word' id='word_1_155' title='bbox 1580 1614 1667 1638; x_wconf 89' lang='lat' dir='ltr'>cum</span> <span class='ocrx_word' id='word_1_156' title='bbox 1689 1601 1768 1651; x_wconf 81' lang='lat' dir='ltr'>syl-</span> 
     </span>
     <span class='ocr_line' id='line_1_20' title="bbox 264 1668 1765 1718; baseline 0 -13"><span class='ocrx_word' id='word_1_157' title='bbox 264 1669 355 1706; x_wconf 74' lang='lat' dir='ltr'>laba</span> <span class='ocrx_word' id='word_1_158' title='bbox 393 1673 594 1718; x_wconf 85' lang='lat' dir='ltr'>constant,</span> <span class='ocrx_word' id='word_1_159' title='bbox 634 1674 680 1707; x_wconf 91' lang='lat' dir='ltr'>ut</span> <span class='ocrx_word' id='word_1_160' title='bbox 709 1670 829 1707; x_wconf 88' lang='lat' dir='ltr'>Most.</span> <span class='ocrx_word' id='word_1_161' title='bbox 865 1671 965 1707; x_wconf 78' lang='lat'>681:</span> <span class='ocrx_word' id='word_1_162' title='bbox 1017 1669 1154 1717; x_wconf 88' lang='lat' dir='ltr'>„Nunc</span> <span class='ocrx_word' id='word_1_163' title='bbox 1193 1669 1410 1706; x_wconf 86' lang='lat' dir='ltr'>dormitum</span> <span class='ocrx_word' id='word_1_164' title='bbox 1448 1668 1558 1706; x_wconf 90' lang='lat' dir='ltr'>iubet</span> <span class='ocrx_word' id='word_1_165' title='bbox 1596 1681 1657 1705; x_wconf 89' lang='lat' dir='ltr'>me</span> <span class='ocrx_word' id='word_1_166' title='bbox 1695 1669 1765 1705; x_wconf 89' lang='lat' dir='ltr'>ire.</span> 
     </span>
     <span class='ocr_line' id='line_1_21' title="bbox 264 1735 1768 1775; baseline 0 -2"><span class='ocrx_word' id='word_1_167' title='bbox 264 1736 468 1775; x_wconf 75' lang='lat' dir='ltr'>Minime“.</span> <span class='ocrx_word' id='word_1_168' title='bbox 507 1738 560 1775; x_wconf 91' lang='lat' dir='ltr'>ib.</span> <span class='ocrx_word' id='word_1_169' title='bbox 588 1739 796 1775; x_wconf 72' lang='lat'>684—85.</span> <span class='ocrx_word' id='word_1_170' title='bbox 831 1737 881 1774; x_wconf 86' lang='lat' dir='ltr'>al.</span> <span class='ocrx_word' id='word_1_171' title='bbox 928 1737 1019 1775; x_wconf 88' lang='lat' dir='ltr'>Non</span> <span class='ocrx_word' id='word_1_172' title='bbox 1044 1751 1134 1775; x_wconf 86' lang='lat' dir='ltr'>raro</span> <span class='ocrx_word' id='word_1_173' title='bbox 1158 1737 1337 1774; x_wconf 84' lang='lat' dir='ltr'>invenias</span> <span class='ocrx_word' id='word_1_174' title='bbox 1368 1749 1505 1774; x_wconf 87' lang='lat' dir='ltr'>versus</span> <span class='ocrx_word' id='word_1_175' title='bbox 1537 1749 1584 1774; x_wconf 87' lang='lat' dir='ltr'>ex</span> <span class='ocrx_word' id='word_1_176' title='bbox 1616 1735 1768 1774; x_wconf 89' lang='lat' dir='ltr'>duobus</span> 
     </span>
     <span class='ocr_line' id='line_1_22' title="bbox 263 1804 1766 1855; baseline 0.001 -14"><span class='ocrx_word' id='word_1_177' title='bbox 263 1805 434 1843; x_wconf 84' lang='lat' dir='ltr'>bacchiis</span> <span class='ocrx_word' id='word_1_178' title='bbox 473 1809 512 1843; x_wconf 91' lang='lat' dir='ltr'>et</span> <span class='ocrx_word' id='word_1_179' title='bbox 548 1806 716 1844; x_wconf 90' lang='lat' dir='ltr'>iambico</span> <span class='ocrx_word' id='word_1_180' title='bbox 756 1806 1035 1854; x_wconf 85' lang='lat' dir='ltr'>semiquinario</span> <span class='ocrx_word' id='word_1_181' title='bbox 1074 1805 1334 1855; x_wconf 88' lang='lat' dir='ltr'>compositos,</span> <span class='ocrx_word' id='word_1_182' title='bbox 1366 1807 1412 1842; x_wconf 90' lang='lat' dir='ltr'>ut</span> <span class='ocrx_word' id='word_1_183' title='bbox 1440 1804 1560 1842; x_wconf 87' lang='lat' dir='ltr'>Most.</span> <span class='ocrx_word' id='word_1_184' title='bbox 1595 1806 1674 1843; x_wconf 84' lang='lat'>307</span> <span class='ocrx_word' id='word_1_185' title='bbox 1708 1818 1766 1855; x_wconf 90' lang='lat' dir='ltr'>sq.</span> 
     </span>
    </p>

    <p class='ocr_par' dir='ltr' id='par_1_4' title="bbox 265 1872 1926 2465">
     <span class='ocr_line' id='line_1_23' title="bbox 535 1872 1429 1911; baseline -0.001 -1"><span class='ocrx_word' id='word_1_186' title='bbox 535 1874 762 1911; x_wconf 79' lang='lat' dir='ltr'>Aduorsum</span> <span class='ocrx_word' id='word_1_187' title='bbox 791 1873 921 1910; x_wconf 81' lang='lat' dir='ltr'>ueniri</span> <span class='ocrx_word' id='word_1_188' title='bbox 951 1873 1049 1910; x_wconf 85' lang='lat' dir='ltr'>mihi</span> <span class='ocrx_word' id='word_1_189' title='bbox 1080 1873 1130 1910; x_wconf 75' lang='lat' dir='ltr'>ad</span> <span class='ocrx_word' id='word_1_190' title='bbox 1159 1872 1429 1910; x_wconf 84' lang='lat' dir='ltr'>Philolachem</span> 
     </span>
     <span class='ocr_line' id='line_1_24' title="bbox 538 1940 1504 1991; baseline -0.001 -13"><span class='ocrx_word' id='word_1_191' title='bbox 538 1941 639 1979; x_wconf 90' lang='lat' dir='ltr'>Volo</span> <span class='ocrx_word' id='word_1_192' title='bbox 669 1941 850 1991; x_wconf 78' lang='lat' dir='ltr'>temperi.</span> <span class='ocrx_word' id='word_1_193' title='bbox 883 1940 987 1987; x_wconf 85' lang='lat' dir='ltr'>audi,</span> <span class='ocrx_word' id='word_1_194' title='bbox 1020 1940 1081 1977; x_wconf 75' lang='lat' dir='ltr'>em</span> <span class='ocrx_word' id='word_1_195' title='bbox 1111 1940 1187 1977; x_wconf 90' lang='lat' dir='ltr'>tibi</span> <span class='ocrx_word' id='word_1_196' title='bbox 1217 1941 1504 1990; x_wconf 86' lang='lat' dir='ltr'>imperatumst.</span> 
     </span>
     <span class='ocr_line' id='line_1_25' title="bbox 265 2006 1717 2058; baseline 0.001 -14"><span class='ocrx_word' id='word_1_197' title='bbox 265 2008 345 2045; x_wconf 88' lang='lat' dir='ltr'>Alii</span> <span class='ocrx_word' id='word_1_198' title='bbox 374 2007 474 2046; x_wconf 87' lang='lat' dir='ltr'>fiunt</span> <span class='ocrx_word' id='word_1_199' title='bbox 503 2009 703 2046; x_wconf 85' lang='lat' dir='ltr'>trochaico</span> <span class='ocrx_word' id='word_1_200' title='bbox 735 2009 1019 2058; x_wconf 85' lang='lat' dir='ltr'>semiquinario</span> <span class='ocrx_word' id='word_1_201' title='bbox 1050 2009 1233 2058; x_wconf 87' lang='lat' dir='ltr'>repetito,</span> <span class='ocrx_word' id='word_1_202' title='bbox 1266 2010 1312 2045; x_wconf 90' lang='lat' dir='ltr'>ut</span> <span class='ocrx_word' id='word_1_203' title='bbox 1341 2006 1482 2045; x_wconf 85' lang='lat' dir='ltr'>Pseud.</span> <span class='ocrx_word' id='word_1_204' title='bbox 1520 2008 1626 2045; x_wconf 80' lang='lat'>1278</span> <span class='ocrx_word' id='word_1_205' title='bbox 1659 2021 1717 2058; x_wconf 90' lang='lat' dir='ltr'>sq.</span> 
     </span>
     <span class='ocr_line' id='line_1_26' title="bbox 538 2076 1293 2126; baseline -0.001 -13"><span class='ocrx_word' id='word_1_206' title='bbox 538 2077 678 2113; x_wconf 74' lang='lat' dir='ltr'>Nimiae</span> <span class='ocrx_word' id='word_1_207' title='bbox 708 2080 794 2114; x_wconf 89' lang='lat' dir='ltr'>tum</span> <span class='ocrx_word' id='word_1_208' title='bbox 824 2076 1022 2126; x_wconf 73' lang='lat' dir='ltr'>voluptati</span> <span class='ocrx_word' id='word_1_209' title='bbox 1054 2076 1193 2126; x_wconf 91' lang='lat' dir='ltr'>edepol</span> <span class='ocrx_word' id='word_1_210' title='bbox 1223 2076 1293 2112; x_wconf 88' lang='lat' dir='ltr'>fui.</span> 
     </span>
     <span class='ocr_line' id='line_1_27' title="bbox 539 2143 1317 2191; baseline -0.001 -10"><span class='ocrx_word' id='word_1_211' title='bbox 539 2144 611 2182; x_wconf 83' lang='lat' dir='ltr'>‘Ob</span> <span class='ocrx_word' id='word_1_212' title='bbox 643 2157 776 2181; x_wconf 88' lang='lat' dir='ltr'>casum</span> <span class='ocrx_word' id='word_1_213' title='bbox 808 2144 928 2181; x_wconf 87' lang='lat' dir='ltr'>datur</span> <span class='ocrx_word' id='word_1_214' title='bbox 959 2143 1191 2191; x_wconf 72' lang='lat' dir='ltr'>cantharus3</span> <span class='ocrx_word' id='word_1_215' title='bbox 1222 2143 1317 2180; x_wconf 89' lang='lat' dir='ltr'>bibi.</span> 
     </span>
     <span class='ocr_line' id='line_1_28' title="bbox 266 2211 1926 2261; baseline -0.001 -13"><span class='ocrx_word' id='word_1_216' title='bbox 266 2211 410 2249; x_wconf 83' lang='lat' dir='ltr'>Rarius</span> <span class='ocrx_word' id='word_1_217' title='bbox 442 2225 489 2249; x_wconf 85' lang='lat' dir='ltr'>ex</span> <span class='ocrx_word' id='word_1_218' title='bbox 519 2213 690 2261; x_wconf 80' lang='lat' dir='ltr'>repetito</span> <span class='ocrx_word' id='word_1_219' title='bbox 722 2212 887 2249; x_wconf 84' lang='lat' dir='ltr'>iambico</span> <span class='ocrx_word' id='word_1_220' title='bbox 919 2211 1212 2260; x_wconf 83' lang='lat' dir='ltr'>semiquinario,</span> <span class='ocrx_word' id='word_1_221' title='bbox 1245 2214 1290 2248; x_wconf 87' lang='lat' dir='ltr'>ut</span> <span class='ocrx_word' id='word_1_222' title='bbox 1321 2211 1440 2248; x_wconf 89' lang='lat' dir='ltr'>Most.</span> <span class='ocrx_word' id='word_1_223' title='bbox 1475 2211 1554 2247; x_wconf 79' lang='lat'>855</span> <span class='ocrx_word' id='word_1_224' title='bbox 1587 2223 1644 2259; x_wconf 88' lang='lat' dir='ltr'>sq.</span> <span class='ocrx_word' id='word_1_225' title='bbox 1922 2214 1926 2254; x_wconf 77' lang='grc' dir='ltr'>Ι</span> 
     </span>
     <span class='ocr_line' id='line_1_29' title="bbox 538 2279 1926 2344; baseline -0.001 -27"><span class='ocrx_word' id='word_1_226' title='bbox 538 2279 594 2318; x_wconf 89' lang='lat' dir='ltr'>Ut</span> <span class='ocrx_word' id='word_1_227' title='bbox 625 2279 753 2316; x_wconf 78' lang='lat' dir='ltr'>adhuc</span> <span class='ocrx_word' id='word_1_228' title='bbox 783 2279 860 2316; x_wconf 85' lang='lat' dir='ltr'>fuit</span> <span class='ocrx_word' id='word_1_229' title='bbox 890 2279 943 2316; x_wconf 89' lang='lat' dir='ltr'>mi</span> <span class='ocrx_word' id='word_1_230' title='bbox 974 2280 1124 2316; x_wconf 88' lang='lat' dir='ltr'>corium</span> <span class='ocrx_word' id='word_1_231' title='bbox 1156 2279 1240 2316; x_wconf 81' lang='lat' dir='ltr'>esse</span> <span class='ocrx_word' id='word_1_232' title='bbox 1273 2281 1444 2328; x_wconf 86' lang='lat' dir='ltr'>oportet,</span> <span class='ocrx_word' id='word_1_233' title='bbox 1922 2288 1926 2344; x_wconf 56' lang='grc' dir='ltr'>Ι</span> 
     </span>
     <span class='ocr_line' id='line_1_30' title="bbox 539 2346 1376 2396; baseline 0 -13"><span class='ocrx_word' id='word_1_234' title='bbox 539 2346 743 2385; x_wconf 75' lang='lat' dir='ltr'>Sincerum</span> <span class='ocrx_word' id='word_1_235' title='bbox 775 2350 891 2396; x_wconf 86' lang='lat' dir='ltr'>atque</span> <span class='ocrx_word' id='word_1_236' title='bbox 922 2350 967 2385; x_wconf 92' lang='lat' dir='ltr'>ut</span> <span class='ocrx_word' id='word_1_237' title='bbox 996 2349 1130 2384; x_wconf 89' lang='lat' dir='ltr'>uotem</span> <span class='ocrx_word' id='word_1_238' title='bbox 1160 2346 1376 2393; x_wconf 72' lang='lat' dir='ltr'>uerberari,</span> 
     </span>
     <span class='ocr_line' id='line_1_31' title="bbox 539 2414 1491 2465; baseline -0.001 -13"><span class='ocrx_word' id='word_1_239' title='bbox 539 2414 579 2452; x_wconf 87' lang='lat' dir='ltr'>Si</span> <span class='ocrx_word' id='word_1_240' title='bbox 609 2415 682 2452; x_wconf 90' lang='lat' dir='ltr'>hoc</span> <span class='ocrx_word' id='word_1_241' title='bbox 713 2415 768 2453; x_wconf 83' lang='lat' dir='ltr'>mi</span> <span class='ocrx_word' id='word_1_242' title='bbox 798 2415 959 2465; x_wconf 81' lang='lat' dir='ltr'>parabo,</span> <span class='ocrx_word' id='word_1_243' title='bbox 991 2415 1115 2465; x_wconf 84' lang='lat' dir='ltr'>probe</span> <span class='ocrx_word' id='word_1_244' title='bbox 1146 2415 1294 2452; x_wconf 74' lang='lat' dir='ltr'>tectum</span> <span class='ocrx_word' id='word_1_245' title='bbox 1326 2414 1491 2452; x_wconf 86' lang='lat' dir='ltr'>habebo.</span> 
     </span>
    </p>
   </div>
  </div>
 </body>
</html>
