1926 3275
275 261 294 299 1
302 261 355 300 54
882 257 1160 303 Prolegomena.

271 389 423 423 textum
461 387 664 424 constituit
700 400 780 425 non
816 386 1078 434 inelegantem
1116 387 1228 423 illum
1265 386 1422 436 quidem
1460 386 1529 424 sed
1566 401 1637 425 nec
1675 388 1773 426 satis

270 454 413 501 fidum,
454 467 525 491 nec
563 468 641 491 non
679 456 821 504 saepius
853 467 875 491 a
904 454 1036 492 Plauti
1074 468 1253 492 sermone
1294 457 1334 492 et
1365 468 1480 492 sensu
1511 456 1699 504 alienum,
1732 459 1773 494 et

269 542 325 548 ·-—
365 522 472 572 quod
516 523 683 559 maxime
728 522 1033 572 vituperandum
1070 542 1127 548 -—
1163 536 1243 560 non
1280 522 1490 560 verborum
1530 523 1657 561 solum
1703 523 1773 561 sed

271 591 390 627 etiam
421 603 605 627 versuum
637 590 814 627 ordinem
845 603 948 639 saepe
979 604 1130 627 summa
1158 591 1318 628 licentia
1348 594 1576 628 mutantem.
1634 591 1773 629 Obfuit

269 659 356 695 viro
396 658 618 695 doctissimo
656 658 778 694 nimia
815 658 875 695 sui
912 656 1075 704 fiducia3
1123 658 1191 695 sed
1236 661 1502 709 praeterquam
1547 659 1654 708 quod
1693 672 1773 697 non

269 739 395 775 pauca
438 729 544 763 recte
590 726 834 772 emendavit,
872 725 954 762 haec
993 726 1029 762 ei
1066 729 1213 775 praeter
1252 728 1399 763 ceteros
1436 727 1523 763 laus
1559 726 1774 764 tribuenda

270 797 351 840 est,
385 794 491 842 quod
522 793 656 830 studia
685 793 914 842 languentia
945 795 1070 831 erexit
1099 794 1363 843 Plautumque
1394 794 1473 831 situ
1504 797 1543 832 et
1574 794 1772 832 oblivione

268 861 515 898 laborantem
545 864 659 898 tanto
690 861 865 898 virorum
907 861 1112 898 doctorum
1150 862 1357 899 certamini
1394 862 1579 909 subiecit,
1611 865 1657 899 ut
1686 875 1772 912 spe-

268 942 357 966 rare
388 929 526 965 liceret
556 928 625 965 has
656 928 819 975 fabulas,
854 929 959 978 quod
991 930 1201 978 diligentia
1231 933 1271 967 et
1301 930 1457 979 ingenio
1483 928 1593 967 'effici
1622 933 1770 980 posset,

269 998 472 1046 aliquanto
504 997 657 1033 saniore
687 996 815 1034 forma
844 996 1073 1045 prodituras
1105 1010 1200 1034 esse.
1246 997 1505 1035 Ritschelium
1529 1000 1687 1035 secutus
1711 1000 1772 1036 est

268 1063 578 1111 Fleckeisenius,
612 1064 692 1114 qui,
726 1077 847 1114 quum
878 1065 1040 1101 eandem
1070 1065 1153 1102 fere
1182 1065 1289 1102 viam
1320 1066 1524 1102 insisteret
1553 1078 1624 1102 nec
1654 1066 1772 1103 nimis

268 1133 382 1181 longe
414 1146 436 1169 a
464 1131 644 1180 magistri
673 1132 852 1179 vestigiis
884 1132 1119 1179 discederet,
1159 1136 1291 1170 tamen
1328 1147 1408 1170 non
1438 1145 1563 1182 pauca
1592 1133 1771 1170 laudabi-

267 1200 359 1237 liter
390 1200 574 1237 correxit.
634 1199 745 1237 Unus
781 1200 862 1236 fere
891 1214 962 1249 per
994 1201 1148 1250 aliquot
1185 1214 1307 1238 annos
1337 1200 1556 1238 Ritschelio
1587 1200 1770 1238 adversa-

269 1272 333 1305 tus
365 1271 424 1305 est
455 1267 699 1316 GeppertUS,
734 1268 801 1316 qui
832 1271 871 1304 et
902 1268 985 1317 ipse
1015 1268 1321 1305 Ambrosianum
1351 1268 1650 1318 palimpsestum
1681 1268 1771 1306 dili-

269 1339 407 1384 genter
437 1338 679 1372 tractaverat
709 1348 779 1372 nec
809 1348 946 1384 pauca,
981 1349 1067 1386 quae
1084 1335 1345 1373 Ritschelium
1376 1336 1570 1385 fugerant,
1603 1336 1769 1384 legerat.

269 1403 419 1441 Sensim
449 1403 583 1452 plures
623 1403 749 1440 exorti
780 1406 890 1449 sunt,
925 1404 992 1453 qui
1022 1404 1086 1440 vel
1114 1405 1286 1453 propriis
1317 1404 1430 1440 libris
1460 1404 1524 1441 vel
1553 1403 1771 1442 minoribus

269 1471 487 1509 diariorum
517 1470 846 1520 philologicorum
877 1471 1221 1509 dissertationibus
1236 1471 1377 1509 Plauto
1406 1471 1650 1510 emendando
1678 1485 1770 1522 ope-

267 1552 352 1575 ram
384 1538 533 1575 darent.
595 1538 767 1584 Quorum
800 1553 919 1589 quum
952 1540 1052 1577 alius
1084 1540 1160 1577 alia
1196 1542 1422 1586 conaretur,
1454 1552 1533 1576 non
1563 1553 1655 1577 raro
1687 1542 1770 1578 stu-

270 1605 381 1643 diose
425 1607 754 1654 investigantibus
798 1607 903 1643 inter
948 1621 1100 1645 errores
1144 1621 1239 1645 vera
1282 1607 1347 1644 via
1383 1607 1542 1644 inventa
1580 1610 1658 1654 est;
1700 1607 1773 1645 sed

269 1674 367 1710 nihil
414 1675 506 1711 dum
550 1677 678 1711 totum
724 1674 907 1712 effectum
953 1678 1023 1712 est.
1084 1675 1165 1712 Nec
1201 1675 1380 1722 illorum,
1421 1687 1518 1724 quos
1557 1675 1769 1722 nominavi,

270 1741 465 1779 editiones
497 1742 691 1780 absolutae
724 1746 832 1790 sunt,
873 1756 944 1780 nec
982 1743 1064 1781 ullo
1102 1743 1219 1780 modo
1257 1744 1363 1780 inter
1401 1743 1509 1780 viros
1547 1742 1684 1780 doctos
1722 1742 1772 1780 de

269 1809 423 1846 ratione
454 1811 582 1859 operis
614 1811 810 1847 convenit.
871 1809 1105 1848 Feliciorem
1143 1824 1344 1860 speramus
1383 1811 1484 1857 fore,
1525 1811 1592 1860 qui
1628 1822 1771 1848 novam

267 1876 401 1913 Plauti
446 1878 713 1915 recensionem
758 1878 961 1927 promisit,
1010 1878 1249 1916 Gulielmum
1294 1877 1645 1925 Studemundium,
1693 1889 1771 1928 quo

268 1957 383 1980 nemo
418 1945 644 1994 diligentius
684 1948 754 1982 aut
791 1946 938 1983 maiore
978 1960 1065 1984 cum
1103 1947 1235 1983 fructu
1272 1946 1572 1995 palimpsestum
1601 1945 1770 1982 Ambro-

269 2012 421 2048 sianum
450 2013 651 2049 tractavit.
712 2013 843 2062 Atque
883 2015 1033 2050 utinam
1072 2015 1149 2051 iam
1187 2014 1388 2063 prodisset
1425 2014 1508 2051 eius
1547 2014 1686 2061 editio,
1726 2016 1772 2051 ut

269 2079 421 2115 omissis
458 2080 515 2116 rei
555 2080 699 2116 criticae
738 2082 907 2130 spinetis
946 2082 1032 2119 solo
1073 2081 1283 2118 enarrandi
1314 2094 1431 2130 opere
1461 2082 1630 2119 lectores
1659 2085 1770 2119 tene-

267 2147 415 2183 remus!
462 2147 626 2184 Interim
671 2161 719 2185 ne
765 2148 832 2185 diu
871 2151 1098 2198 praeparata
1138 2162 1200 2186 res
1239 2150 1280 2186 in
1316 2149 1512 2186 incertum
1550 2149 1767 2196 differatur,

267 2216 403 2250 nostra
439 2215 592 2252 ratione
629 2216 854 2265 nostrisque
892 2217 1012 2265 copiis
1052 2229 1135 2253 rem
1166 2216 1459 2265 aggrediemur,
1493 2216 1562 2254 sed
1593 2217 1769 2253 criticam

267 2294 348 2317 rem
380 2295 497 2330 quam
527 2282 753 2319 brevissime
789 2283 1064 2330 tractabimus,
1099 2297 1184 2331 eos,
1218 2284 1285 2333 qui
1315 2284 1432 2333 plura
1470 2287 1510 2321 et
1547 2284 1770 2334 copiosiora

268 2352 420 2398 optant,
454 2363 477 2386 a
505 2350 725 2388 Ritschelio
759 2354 798 2387 et
822 2350 1106 2388 Studemundio
1132 2355 1268 2402 petere
1298 2352 1493 2389 iubentes.

381 2417 437 2453 Ao
482 2417 655 2454 breviter
698 2419 860 2455 tractari
905 2432 967 2456 res
1013 2422 1157 2468 potest.
1219 2419 1320 2457 Nam
1358 2420 1400 2456 in
1438 2422 1527 2456 octo
1566 2418 1764 2468 prioribus

267 2483 410 2520 fabulis
448 2484 582 2521 Plauti
628 2488 836 2523 contextus
883 2500 930 2523 ex
974 2500 1051 2523 uno
1097 2486 1232 2524 codice
1269 2490 1402 2524 vetere
1441 2486 1658 2524 Camerarii
1697 2483 1764 2533 (B)

266 2551 425 2599 pendet,
458 2552 499 2588 in
531 2552 737 2589 duodecim
767 2553 1054 2601 posterioribus
1085 2567 1132 2591 ex
1162 2557 1331 2603 utroque
1363 2552 1410 2600 (B
1442 2556 1482 2590 et
1513 2551 1572 2601 C).
1633 2553 1674 2590 Si
1705 2553 1768 2590 cui

268 2617 392 2654 codici
437 2622 582 2668 praeter
627 2620 699 2657 hos
746 2621 1021 2657 testimonium
1067 2621 1323 2658 deferendum
1363 2624 1440 2668 est,
1479 2621 1513 2658 is
1551 2621 1626 2658 erit
1655 2620 1767 2658 Ursi-

266 2685 406 2721 nianus
439 2683 528 2733 (D);
575 2687 643 2724 sed
688 2689 720 2724 is
764 2689 803 2725 in
848 2688 1136 2737 posterioribus
1181 2688 1325 2725 sabulis
1370 2688 1452 2725 fere
1492 2688 1670 2736 geminus
1706 2690 1767 2725 est

267 2752 394 2789 codici
425 2752 474 2800 C,
521 2755 561 2790 in
606 2755 803 2803 prioribus
839 2757 898 2792 ita
935 2769 1023 2792 cum
1052 2755 1085 2792 B
1131 2757 1327 2793 consentit
1369 2756 1432 2792 vel
1476 2757 1517 2792 in
1559 2755 1766 2792 levissimis

267 2819 395 2866 rebus,
428 2820 537 2858 velut
566 2822 728 2859 vocibus
758 2836 964 2872 perperam
996 2823 1146 2870 divisis,
1180 2826 1219 2860 et
1243 2824 1284 2860 in
1309 2823 1510 2860 erroribus
1533 2823 1764 2869 manifestis,
