1926 3275
282 325 305 362 2
312 325 330 362 1
338 325 362 362 8
890 318 1169 362 Prolegomena.

281 452 416 499 putat,
456 453 501 486 ut
531 449 693 485 Plautus
732 450 815 497 ipse
854 448 1015 496 eiusque
1054 446 1238 484 saeculum
1283 446 1432 482 hiatum
1478 446 1775 496 improbaverit,

283 518 406 554 simile
437 517 644 553 discrimen
675 517 780 552 intra
811 528 875 552 eas
906 514 1133 551 fabularum
1164 517 1297 563 partes
1329 517 1448 560 extat,
1482 528 1578 563 quas
1610 527 1722 551 nemo
1756 527 1778 550 a

281 586 422 621 Plauto
462 585 687 621 abiudicare
731 586 883 632 potest,
930 596 1018 619 nam
1065 582 1288 630 epistolae
1328 583 1592 631 interpositae,
1634 594 1720 630 quae
1758 595 1780 618 a

282 667 401 703 prosa
426 654 605 689 oratione
630 665 746 700 quam
771 652 974 687 minimum
1001 650 1136 686 abesse
1161 650 1300 696 solent,
1322 649 1494 686 hiatibus
1512 646 1776 696 abundant*).

395 721 452 757 Ne
491 720 700 767 Augusteae
742 719 899 768 quidem
940 719 1068 754 aetatis
1106 721 1243 767 poetas
1282 717 1330 754 ab
1368 718 1478 754 hiatu
1517 719 1675 754 omnino
1713 716 1779 753 ab·

283 791 464 827 stinuisse
510 789 604 824 satis
649 790 818 832 constat,
865 801 901 823 v.
942 786 1074 823 Madv.
1117 785 1181 822 Gr.
1221 785 1309 822 Lat.
1353 787 1428 823 501
1470 785 1514 832 b,
1560 785 1629 822 sed
1673 784 1781 833 quod

283 858 358 894 sibi
396 870 486 893 raro
525 855 798 900 indulsissent,
841 868 863 890 a
900 854 1100 891 benevolis
1139 853 1388 891 auditoribus
1429 853 1693 891 condonatum
1730 853 1781 889 iri

284 925 506 974 sperabant.
577 923 697 973 Apud
735 923 920 959 Plautum
965 935 1058 959 vero
1102 923 1317 959 innumeris
1362 922 1442 958 fere
1487 922 1583 958 locis
1630 920 1780 958 codices

283 995 414 1030 hiatus
446 993 671 1029 ostendunt.
715 991 819 1036 Quos
852 991 919 1039 qui
951 990 1193 1027 emendando
1227 994 1294 1026 aut
1320 1003 1452 1026 omnes
1478 992 1544 1026 aut
1567 990 1780 1039 plerosque

284 1061 541 1098 removendos
573 1063 741 1105 censent,
776 1071 842 1095 eos
875 1058 987 1094 valde
1012 1059 1201 1095 miramur
1232 1058 1419 1095 disertum
1439 1058 1638 1095 Ciceronis
1668 1058 1780 1094 testi-

284 1132 458 1168 monium
496 1143 567 1178 pro
606 1128 728 1165 nihilo
767 1130 919 1176 putare.
982 1127 1055 1172 Qui
1095 1126 1201 1176 quod
1237 1127 1341 1163 inter
1379 1129 1537 1175 poetas,
1579 1127 1648 1175 qui
1679 1138 1781 1175 saepe

283 1200 472 1243 hiassent‚
504 1197 693 1242 Naevium,
726 1208 803 1232 non
828 1195 1012 1231 Plautum
1043 1195 1230 1241 nominat,
1264 1208 1352 1231 eum
1384 1195 1525 1240 adfert,
1559 1207 1637 1243 quo
1669 1206 1781 1230 nemo

285 1268 414 1304 minus
451 1266 628 1302 modeste
666 1264 778 1300 hiatu
815 1276 907 1300 usus
947 1266 1048 1309 erat,
1090 1263 1137 1299 de
1174 1263 1356 1312 pluribus
1396 1275 1483 1299 eum
1527 1262 1637 1311 loqui
1673 1264 1782 1298 totus

285 1335 392 1371 locus
425 1333 608 1371 ostendit.
669 1332 848 1369 Fuerunt
878 1334 1008 1367 autem
1038 1332 1115 1367 iam
1146 1331 1250 1367 inter
1281 1331 1465 1379 antiquos
1497 1330 1680 1376 editores,
1714 1330 1782 1379 qui

285 1403 349 1440 vel
380 1402 525 1439 additis
548 1401 711 1446 voculis,
739 1413 823 1449 quae
850 1400 981 1436 sensui
1005 1412 1145 1436 nocere
1170 1412 1249 1435 non
1273 1398 1517 1444 viderentur,
1544 1398 1605 1435 vel
1630 1400 1781 1434 mutato

285 1471 495 1507 verborum
520 1470 670 1515 ordine,
697 1482 743 1505 ne
767 1468 931 1504 Plautus
954 1467 1085 1504 hiatus
1108 1468 1207 1504 vitio
1233 1467 1348 1503 nimis
1380 1466 1594 1513 laboraret,
1628 1465 1782 1502 efficere

287 1542 531 1575 conarentur.
574 1538 725 1574 Horum
751 1549 887 1585 agmen
913 1535 1020 1572 ducit
1043 1534 1211 1583 Pylades
1234 1535 1464 1572 Brixiensis.
1506 1534 1781 1571 Recentiorum

286 1607 480 1656 imprimis
496 1606 734 1643 Ritschelius
751 1604 1037 1652 angustissimis
1054 1603 1199 1640 finibus
1224 1603 1377 1640 hiatum
1402 1603 1521 1640 etiam
1545 1601 1650 1651 apud
1666 1601 1781 1638 Plau-

286 1678 369 1711 tum
402 1675 740 1723 circumscriptum
774 1686 857 1709 esse
889 1671 1071 1708 censebat
1103 1669 1299 1720 (Prolegg.
1326 1671 1432 1707 Trin.
1462 1684 1501 1720 p.
1529 1669 1782 1707 CLXXXVII

286 1740 389 1791 sqq.)
424 1742 542 1791 idque
574 1741 823 1778 Ambrosiani
854 1740 1103 1789 palimpsesti
1141 1740 1377 1776 auctoritate
1416 1737 1640 1775 confirmari
1679 1737 1783 1774 arbi-

286 1810 487 1856 trabatur,
521 1824 598 1859 qua
628 1811 668 1846 in
698 1822 740 1845 re
772 1822 859 1845 eum
889 1808 975 1844 falli
1014 1807 1149 1844 docuit
1181 1806 1405 1856 Geppertus
1439 1804 1586 1853 (Ueber
1618 1805 1654 1842 d.
1688 1804 1782 1842 Cod.

285 1878 399 1916 Amb.
427 1891 464 1927 p.
492 1875 577 1924 43).
624 1878 658 1914 A
689 1877 897 1913 severitate
913 1875 1118 1912 Ritschelii
1149 1875 1312 1924 paulum
1343 1887 1545 1922 regressus
1571 1876 1630 1910 est
1644 1872 1784 1910 Fleck-

288 1947 456 1983 eisenius
489 1943 646 1992 (Annal.
675 1942 809 1992 philol.
836 1943 939 1989 LXI,
965 1957 1002 1992 p.
1031 1944 1081 1980 49
1108 1940 1198 1991 sq),
1226 1941 1456 1992 Spengelius
1482 1945 1612 1978 autem
1637 1939 1783 1987 (Plaut.

287 2029 325 2065 p.
356 2015 430 2050 175
464 2011 568 2062 sqq.)
600 2013 720 2048 variis
752 2012 799 2047 de
830 2012 954 2047 causis
982 2010 1166 2047 Plautum
1197 2010 1325 2046 hiasse
1358 2009 1534 2047 docebat.
1580 2010 1618 2045 Is
1650 2008 1785 2045 adver-

288 2083 431 2119 sarium
472 2082 704 2118 acerrimum
742 2082 879 2116 nactus
918 2082 976 2115 est
1007 2078 1046 2115 C.
1080 2078 1123 2114 F.
1157 2077 1217 2114 W.
1250 2077 1462 2114 Mullerum
1501 2075 1785 2123 (Plautinische

288 2149 476 2186 Prosodie
507 2162 545 2198 p.
583 2148 657 2184 181
693 2145 817 2196 sqq),
851 2148 918 2195 qui
953 2146 1024 2183 hac
1064 2145 1221 2194 quidem
1259 2146 1299 2181 in
1337 2158 1378 2181 re
1418 2146 1535 2181 etiam
1566 2143 1782 2181 Ritschelio

289 2218 463 2254 severior
507 2219 566 2252 est
612 2228 792 2263 saepeque
839 2214 1026 2260 affirmat,
1078 2217 1146 2250 aut
1192 2213 1377 2249 Plautum
1422 2213 1610 2261 singulari
1656 2224 1785 2249 amore

289 2285 423 2321 hiatus
454 2284 676 2332 amplexum
709 2296 791 2319 esse
819 2285 887 2319 aut
915 2282 1090 2319 codicum
1118 2282 1356 2330 scripturam
1382 2280 1665 2318 emendandam
1690 2292 1784 2325 esse,

288 2353 403 2400 longe
441 2352 634 2401 plurimos
673 2354 802 2387 autem
840 2350 947 2388 locos
986 2350 1184 2386 lenissima
1221 2340 1442 2385 mutatione
1481 2349 1625 2397 corrigi
1655 2360 1783 2396 posse.

290 2420 416 2457 Lenes
447 2423 590 2468 putant
617 2418 696 2455 VV.
730 2418 814 2455 DD.
849 2431 915 2454 eas
946 2417 1127 2454 medendi
1159 2417 1346 2463 rationes,
1381 2430 1478 2465 quas
1508 2428 1632 2464 nuper
1662 2415 1785 2452 nomi-

290 2489 398 2534 navi;
438 2500 507 2524 nec
538 2487 719 2535 equidem
760 2485 1024 2523 admittendas
1064 2499 1148 2521 esse
1187 2498 1306 2534 negO,
1348 2485 1380 2521 si
1419 2484 1648 2521 necessariae
1687 2483 1785 2528 sint;

291 2555 388 2591 illud
419 2555 534 2591 velim
565 2555 659 2591 mihi
691 2555 835 2600 dicant,
869 2567 945 2602 qua
976 2553 1139 2590 libidine
1165 2553 1349 2589 librarios
1375 2555 1456 2589 tam
1482 2564 1583 2601 saepe
1609 2552 1786 2587 statuant

292 2623 366 2658 isto
406 2622 523 2658 modo
566 2635 749 2659 numeros
793 2623 971 2668 vitiasse,
1021 2625 1089 2658 aut
1135 2635 1204 2658 cur
1248 2621 1423 2657 homines
1469 2619 1644 2667 alioquin
1689 2619 1787 2655 satis

326 2729 357 2772 *)
384 2729 626 2772 Prologorum
651 2730 818 2774 exempla
838 2729 909 2764 vid.
925 2730 1056 2774 Amph.
1081 2730 1152 2763 125.
1176 2731 1248 2764 134.
1273 2729 1336 2762 146
1358 2740 1435 2773 sqq.
1462 2727 1562 2761 Asin.
1581 2729 1630 2761 10.
1657 2727 1740 2760 Aul.
1755 2727 1785 2760 5.

385 2786 487 2830 Capt.
519 2788 568 2819 10.
613 2785 690 2820 Cas.
718 2788 770 2820 48.
797 2788 849 2820 49.
878 2788 929 2820 50.
970 2786 1066 2820 Men.
1093 2788 1122 2820 9.
1154 2788 1201 2820 13.
1232 2787 1280 2820 19.
1309 2787 1360 2820 26.
1387 2787 1440 2819 40.
1466 2785 1519 2819 67.
1558 2784 1669 2818 Mero.
1696 2785 1728 2816 4.
1755 2784 1786 2817 6.

383 2844 434 2876 20.
466 2845 537 2876 105.
567 2842 664 2875 Poeu.
694 2843 766 2875 120.
793 2842 884 2876 Rud.
912 2844 942 2875 7.
974 2842 1116 2876 Trucul.
1143 2844 1173 2876 9.
1222 2842 1476 2887 Epistolarum
1501 2840 1603 2874 Asin.
1630 2841 1705 2874 749.
1732 2840 1785 2874 50.

383 2901 434 2933 52.
462 2902 514 2933 53.
541 2900 592 2933 55.
619 2899 672 2932 62.
698 2901 750 2933 71.
777 2901 830 2932 97.
871 2898 972 2932 Curc.
1000 2900 1076 2933 436.
1114 2899 1242 2933 Pseud.
1269 2901 1321 2933 44.
1348 2900 1401 2933 72.
1440 2898 1536 2932 Pers.
1565 2898 1639 2931 512.
