1926 3275
276 302 356 341 282
906 295 1142 340 Amphitruo.

274 427 454 465 Lindem.
501 427 699 464 Mercurio
732 426 835 463 enim
867 439 981 463 nemo
1013 425 1197 462 astutior.
1222 445 1279 449 —
1311 425 1404 462 503.
1437 424 1624 462 Codicum
1654 425 1777 473 scrip-

273 500 404 533 turam
441 496 623 532 vitiosam
662 507 748 530 esse
793 493 857 530 vel
894 493 1071 530 futurum
1101 488 1347 541 palpabitur
1386 492 1574 529 ostendit.
1634 491 1777 528 Veram

274 563 504 600 Fleckeisen
535 562 609 612 Ep.
645 562 729 599 crit.
761 575 801 611 p.
828 561 960 598 XVIII
991 562 1094 598 eruit
1127 574 1174 597 ex
1205 559 1342 598 Servio
1375 560 1426 596 ad
1448 560 1541 597 AEn.
1571 559 1641 605 XI,
1675 560 1776 596 725:

280 631 522 678 „Observato
569 643 687 679 quam
731 628 877 666 blande
922 629 1188 679 suppalpatur
1230 625 1412 664 mulieri“
1462 631 1502 664 et
1540 626 1697 664 Donato
1738 627 1779 663 in

275 699 364 736 Ter.
397 698 564 748 Adelph.
596 698 698 747 prol.
733 699 775 735 2:
823 696 1041 744 „Observat
1071 709 1185 733 orare
1214 699 1260 732 ut
1289 694 1434 732 blande
1471 695 1656 745 palpetur
1694 707 1779 731 mu-

274 765 404 803 lieri“.
467 766 523 804 Cf.
556 766 639 802 Mil.
677 766 774 803 106:
827 765 970 811 „matri
1008 761 1329 814 suppalparier“.
1368 783 1425 789 —-
1466 764 1558 801 506.
1589 762 1779 800 Mercurii

275 835 397 871 verba
434 834 535 880 haec,
576 837 621 870 ut
659 847 695 870 v.
730 833 908 879 502—3,
949 846 972 869 a
1004 832 1144 869 ceteris
1182 845 1262 869 non
1301 831 1519 868 audiuntur
1557 834 1614 878 et,
1656 831 1689 868 si
1729 831 1781 868 ad

276 916 377 939 verae
409 903 500 939 vitae
531 902 726 938 rationem
758 900 950 950 exigenda
980 913 1041 937 res
1073 903 1200 946 esset,
1233 900 1373 937 eodem
1404 904 1581 949 tempore
1612 898 1781 936 dicenda

276 974 390 1007 erant
422 974 541 1020 atque
572 970 676 1006 Iovis
708 972 747 1006 et
778 968 976 1005 Alcmenae
1008 968 1130 1005 verba
1171 965 1268 1014 (505
1303 971 1342 1004 et
1376 964 1496 1014 508);
1539 967 1646 1016 quod
1686 980 1779 1017 quo-

276 1040 382 1075 niam
414 1039 454 1075 in
486 1051 599 1075 scena
634 1037 720 1073 fieri
751 1049 828 1073 non
859 1040 993 1086 potest
1024 1049 1095 1073 nec
1126 1038 1395 1085 spectatorum
1427 1047 1552 1081 aureS,
1585 1035 1661 1071 nisi
1693 1047 1779 1084 quae

275 1106 461 1156 deinceps
499 1105 828 1156 pronuntiantur,
869 1117 1009 1153 capere
1046 1106 1234 1154 possunt,
1274 1116 1432 1140 necesse
1471 1107 1530 1139 est
1568 1104 1780 1139 interrum-

276 1180 393 1225 patur
424 1175 630 1225 paululum
662 1173 849 1222 colloquii
882 1173 1013 1209 series.
1075 1172 1142 1208 Fit
1176 1171 1250 1208 hoc
1280 1175 1361 1208 tam
1393 1183 1496 1220 saepe
1527 1170 1632 1220 apud
1663 1170 1780 1207 Plau-

276 1248 382 1290 tum,
414 1247 459 1280 ut
489 1242 741 1280 temerarium
773 1241 896 1287 foret,
930 1241 962 1277 si
995 1241 1081 1289 quis
1114 1253 1199 1277 cum
1230 1239 1365 1276 Brixio
1395 1239 1436 1275 in
1466 1238 1609 1276 Annal.
1641 1239 1780 1288 philol.

277 1311 344 1358 CI,
377 1325 415 1360 p.
445 1312 522 1347 761
558 1323 693 1347 versus
728 1309 892 1346 506-7
924 1309 1056 1345 versui
1089 1309 1167 1346 505
1201 1310 1481 1357 anteponeret3
1513 1320 1603 1344 nam
1634 1307 1696 1344 vel
1727 1308 1782 1343 sic

281 1377 396 1425 „illa“
439 1392 475 1416 v.
511 1379 589 1415 506
631 1377 679 1414 ad
723 1374 933 1423 „uxorem“
976 1390 1012 1413 v.
1048 1376 1128 1413 504
1167 1375 1308 1412 referri
1345 1378 1496 1424 potest,
1545 1378 1584 1411 et
1629 1372 1777 1421 „istuc“

276 1461 312 1484 v.
348 1448 425 1485 508
459 1446 507 1483 acl
538 1460 573 1483 v.
610 1447 702 1483 505.
762 1441 835 1482 illa
867 1447 925 1480 est
956 1444 1058 1481 enim
1088 1457 1183 1480 vera
1212 1457 1313 1480 uxor
1336 1443 1454 1490 Iovis,
1487 1442 1597 1489 Iuno,
1631 1456 1718 1492 quae
1749 1443 1782 1479 si

278 1516 378 1552 sciat
417 1528 505 1552 eum
535 1511 630 1551 istis*
659 1509 802 1561 ochus,
836 1513 860 1550 i.
895 1526 926 1550 e.
959 1512 1106 1549 furtivo
1139 1512 1264 1549 amori
1297 1514 1336 1548 et
1368 1511 1586 1558 adulterio,
1621 1524 1782 1561 operam

278 1583 384 1630 dare,
416 1586 497 1620 tam
528 1582 630 1619 male
661 1595 747 1619 eum
779 1582 958 1631 accipiat,
991 1584 1037 1617 ut
1066 1580 1304 1630 Amphitruo
1337 1593 1454 1629 quam
1485 1579 1668 1629 Iuppiter
1699 1592 1783 1616 esse

280 1651 404 1687 malit.
435 1671 492 1675 —
524 1652 617 1687 507.
648 1646 783 1697 faxim
813 1646 949 1696 anulis,
981 1650 1006 1686 i.
1040 1662 1072 1685 e.
1106 1649 1245 1698 quovis
1277 1649 1444 1698 pignore
1479 1646 1713 1684 cont-endam
1743 1651 1784 1684 te

279 1718 408 1765 malle,
441 1719 489 1756 cf.
513 1718 603 1755 Aul.
630 1719 723 1755 486.
756 1718 877 1755 Mei-c.
905 1718 998 1754 814.
1031 1717 1139 1755 Pers.
1167 1718 1233 1754 73.
1265 1716 1374 1753 Trin.
1402 1716 1495 1753 221.
1527 1715 1686 1752 Trucul.
1709 1715 1782 1752 64:

285 1786 415 1833 „Quos
448 1816 455 1823 .
476 1816 510 1824 ..
544 1787 576 1823 si
607 1786 777 1822 faximus
810 1787 999 1831 conscios,
1034 1815 1041 1822 .
1063 1815 1069 1822 .
1090 1815 1097 1822 .
1131 1785 1253 1821 faxim
1283 1784 1466 1820 lenonum
1498 1786 1538 1820 et
1563 1786 1784 1820 scortorum

282 1852 423 1901 [multo
456 1852 600 1900 minus]
632 1853 685 1890 Et
708 1854 835 1890 minus
862 1854 1140 1890 damnosorum
1165 1852 1380 1897 hominum,
1410 1864 1526 1901 quam
1549 1864 1652 1888 nunc
1678 1854 1782 1897 sunt,

280 1920 421 1959 sient“.
452 1942 498 1946 —
539 1921 722 1959 Ceterum
763 1935 897 1959 versus
937 1921 1084 1970 duplici
1123 1921 1233 1957 hiatu
1271 1920 1446 1965 laborat,
1486 1922 1579 1968 post
1622 1916 1709 1965 „te“
1746 1921 1785 1955 et

279 1993 370 2040 post
407 1989 807 2039 „Ampliitruoneni“;
840 1990 899 2027 Fl.
927 1990 1006 2026 ed.:
1045 1988 1134 2035 „ted
1158 1988 1488 2037 Amphitruonem
1518 1987 1632 2024 malis
1657 1984 1782 2023 esse“.

279 2058 426 2094 Miiller
469 2056 640 2103 ‚,multo“
685 2057 856 2094 addebat
893 2061 983 2094 ante
1027 2056 1203 2103 „malis‘⁴.
1236 2077 1293 2081 —
1325 2057 1418 2093 509.
1452 2053 1590 2094 lectus.
1652 2054 1783 2104 Scrip-

280 2129 410 2162 turam
449 2125 625 2162 codicum
665 2125 870 2162 confirmat
907 2125 1094 2161 Priscian.
1127 2124 1199 2171 VI,
1233 2126 1306 2170 73,
1345 2138 1384 2174 p.
1420 2126 1499 2161 257
1532 2123 1588 2160 H:
1640 2123 1784 2169 „etiam

285 2193 423 2240 „huius
454 2191 601 2230 lectus“
638 2193 899 2242 antiquissimi
930 2193 1195 2243 protulerunt.
1243 2192 1473 2229 Cornificius
1504 2193 1546 2229 in
1569 2192 1587 2228 I
1620 2191 1668 2228 de
1699 2195 1784 2240 ety-

280 2262 353 2299 mis
385 2261 569 2299 deorum:
616 2261 715 2311 ipsis
748 2274 841 2297 vero
873 2261 923 2298 ad
954 2260 1108 2298 Cereris
1145 2261 1343 2297 memoriae
1381 2260 1574 2298 novandae
1613 2260 1784 2307 gratiam

280 2330 404 2367 lectus
450 2333 694 2366 sternuntur.
755 2329 920 2366 Plautus
958 2330 999 2365 in
1036 2327 1332 2378 Amphitrione:
1382 2328 1504 2375 Quam
1550 2328 1674 2365 lectus
1716 2327 1784 2364 ubi

282 2397 453 2435 cubuisti
495 2397 693 2434 concaluit
728 2395 878 2434 locus“.
940 2397 1073 2434 Etiam
1104 2397 1144 2432 in
1175 2396 1284 2434 Trin.
1320 2397 1397 2434 651
1434 2409 1482 2433 ex
1511 2396 1688 2443 vestigiis
1721 2409 1784 2432 co—

282 2465 380 2502 dicis
411 2465 441 2501 B
483 2462 721 2512 (intellectu)
773 2466 837 2510 „in
877 2463 1007 2502 lectu“
1058 2464 1175 2501 scribi
1219 2467 1366 2514 potest..
1427 2463 1547 2514 Apud
1585 2463 1782 2509 Senecam,

280 2532 354 2581 Ep.
382 2534 446 2579 95,
474 2534 538 2578 72,
571 2534 653 2569 veri
685 2533 850 2570 similius
883 2536 942 2570 est
976 2530 1145 2578 „lectos“
1182 2533 1372 2582 scriptum
1406 2532 1544 2578 fuisse,
1577 2532 1652 2568 nisi
1683 2531 1785 2568 forte

282 2602 321 2636 in
353 2614 394 2636 re
426 2600 559 2637 divina
591 2601 753 2650 antiqua
786 2602 912 2638 forma
942 2604 1101 2638 servata
1131 2603 1201 2637 est.
1249 2599 1325 2637 Sed
1349 2601 1502 2636 numeri
1525 2599 1563 2636 h.
1589 2599 1616 2636 1.
1642 2612 1783 2649 parum

281 2668 455 2717 placent,
503 2681 591 2704 nam
638 2673 804 2717 quartus
850 2682 919 2718 pes
964 2669 1337 2718 proceleusmaticus
1384 2671 1461 2714 est3
1504 2680 1626 2717 quare
1665 2666 1783 2703 Both.

281 2735 533 2784 transpositis
577 2736 725 2772 verbis:
779 2735 870 2782 „ubi
909 2736 1090 2782 cubuisti,
1129 2734 1296 2781 lectus“,
1336 2735 1397 2773 Fl.
1441 2733 1579 2782 ,‚lecti“
1626 2733 1686 2771 ed.
1728 2753 1785 2758 —

285 2804 377 2839 510.
395 2799 511 2849 Heri,
530 2806 572 2839 ut
589 2803 664 2839 alia
684 2803 874 2840 vocabula
895 2804 1076 2849 iambica,
1102 2804 1281 2840 ultimam
1305 2804 1484 2853 corripit,
1509 2815 1580 2839 nec
1605 2815 1715 2852 opus,
1741 2783 1785 2839 iit

282 2884 324 2906 ca
344 2870 391 2906 de
409 2884 524 2906 causa
541 2867 633 2907 ltere
649 2871 862 2917 scribatur,
879 2871 946 2908 sed
965 2884 1026 2907 res
1042 2872 1154 2920 parvi
1169 2873 1357 2908 momenti
1371 2875 1442 2917 est,
1456 2870 1650 2920 siquidem
1663 2869 1783 2916 Quin-
