1926 3275
838 272 879 307 V.
905 274 1051 308 38—64.
1619 278 1700 317 357

189 404 346 441 litteras
384 402 600 453 inspicere,
648 414 726 438 non
765 401 1033 451 perdiscere“.
1095 402 1195 439 Bell.
1227 401 1395 452 Hispan.
1431 404 1503 440 36:
1556 403 1701 453 „legati

192 462 440 509 Carteienses
478 470 826 517 renuntiaverunt,
868 470 974 520 quod
1004 471 1235 521 Pompeium
1272 472 1313 507 in
1352 474 1551 520 potestate
1583 472 1701 509 habe-

190 537 318 576 rent‘⁴.
381 538 489 576 Suet.
523 538 602 575 Tit.
637 539 682 575 8:
734 539 991 585 „recordatus
1023 538 1222 589 quondam
1255 552 1374 589 super
1406 552 1561 586 cenam,
1596 539 1702 589 quod

191 607 294 645 nihil
326 608 509 656 cuiquam
540 610 627 644 toto
661 606 724 643 die
755 605 1051 655 praestitisset“.
1102 607 1221 657 Apul.
1253 607 1349 645 Met.
1383 607 1453 654 III,
1491 608 1560 645 14:
1599 608 1702 655 „Ad-

191 676 289 722 iuro,
315 675 415 712 nulli
445 689 506 712 ine
531 688 646 725 posse
671 674 843 721 credere,
871 675 976 723 quod
998 678 1042 712 tu
1068 677 1277 725 quicquam
1301 677 1342 712 in
1366 689 1491 713 meam
1518 677 1702 725 cogitaris

191 741 447 794 perniciem“.
493 743 675 780 Imitatus
703 746 763 780 est
788 746 925 780 auctor
950 743 1112 789 Queroli
1134 757 1173 793 p.
1203 745 1266 791 28,
1295 746 1347 781 27
1372 744 1535 794 Peiper:
1574 743 1702 794 „Ego-

191 814 271 848 met
298 811 512 858 audieram,
539 810 646 860 quod
672 812 751 860 ipsi
777 811 907 848 omnia
932 811 1240 859 gubernarent“.
1289 812 1480 859 Sanctius,
1506 812 1703 862 probante

194 878 406 926 Gronovio,
441 889 565 927 quam
596 879 782 916 substitui
814 880 985 927 volebat,
1020 879 1125 930 quod
1158 884 1197 918 et
1227 881 1410 918 licentius
1442 880 1567 928 fieret,
1600 893 1701 930 prae-

196 948 334 984 sertim
375 960 495 996 quum
533 946 596 983 hic
637 960 773 984 versus
804 947 864 984 bis
896 948 1035 985 eodem
1066 948 1183 986 modo
1217 949 1433 996 scribatur,
1466 962 1536 986 nec
1568 952 1704 998 aptam

192 1018 262 1052 aut
292 1015 426 1052 Plauti
468 1015 634 1052 similem
677 1016 899 1053 orationem
938 1016 1125 1054 efficeret.
1165 1037 1222 1042 —
1264 1018 1327 1054 53.
1368 1014 1505 1054 instas
1544 1017 1620 1054 iam
1659 1017 1700 1053 in

195 1083 280 1121 cod.
307 1083 338 1120 B
367 1082 631 1120 emendatum.
684 1079 883 1130 „Rectam
913 1081 1052 1123 iustas
1082 1081 1236 1131 secicmffl,
1268 1086 1293 1122 i.
1321 1098 1352 1121 e.
1385 1086 1546 1131 insistis,
1572 1085 1702 1132 ingre-

192 1151 311 1198 deris,
337 1150 384 1188 cf.
403 1150 516 1201 Capt.
537 1152 638 1188 787:
670 1152 750 1198 „ita
775 1165 907 1189 omnes
932 1153 1079 1189 itinera
1096 1153 1283 1190 insistant
1302 1151 1410 1190 sua“.
1429 1173 1486 1178 —
1505 1155 1568 1191 55.
1593 1150 1705 1202 Quid

191 1215 376 1257 mor-bist.
423 1219 531 1256 Brix.
557 1219 700 1257 Annal.
727 1219 824 1270 phil.
851 1219 911 1267 CI,
936 1234 975 1270 p.
995 1221 1075 1258 762
1108 1218 1242 1259 morbi
1273 1221 1523 1258 scribendum
1555 1226 1699 1258 censet.

151 1278 155 1282 ’
190 1308 248 1313 -
283 1284 411 1337 Quia,
443 1288 467 1324 i.
503 1301 534 1324 e.
568 1288 686 1337 quod,
721 1289 767 1325 cf.
801 1289 890 1325 Aul.
923 1272 1024 1326 410:
1063 1289 1199 1336 „Istud
1229 1290 1482 1326 malefactum
1513 1290 1700 1336 arbitror,

194 1357 287 1407 quia
317 1369 398 1393 non
427 1356 532 1393 latus
563 1354 686 1393 fodi“.
732 1356 818 1394 Mil.
849 1358 977 1394 1202:
1017 1358 1140 1403 „istuc
1165 1357 1263 1394 mihi
1290 1357 1472 1395 acerbum
1505 1361 1576 1404 est,
1610 1358 1703 1406 quia

193 1438 260 1462 ero
290 1428 331 1462 te
364 1424 575 1461 carendum
610 1428 671 1461 est
702 1423 906 1474 optumo⁴⁴.
949 1425 1058 1462 Trin.
1079 1426 1172 1463 291.
1207 1425 1335 1463 Casin.
1357 1427 1456 1462 355:
1496 1425 1701 1475 „Iniquom

193 1496 252 1530 est
291 1490 424 1541 quia“.
485 1492 595 1529 Asin.
631 1493 733 1529 825:
779 1505 921 1540 „aegre
961 1494 1095 1543 patiar
1127 1491 1258 1542 quia“.
1321 1493 1441 1531 Stich.
1478 1495 1578 1532 506:
1624 1493 1702 1540 „Ut

193 1561 290 1598 mihi
320 1561 442 1610 volup
476 1564 535 1597 est
567 1559 701 1609 quia“.
762 1561 881 1598 Most.
915 1562 987 1598 49:
1029 1561 1229 1607 „inuidere
1261 1562 1357 1598 mihi
1387 1562 1461 1599 hoc
1488 1592 1494 1598 .
1518 1592 1524 1598 .
1546 1591 1574 1608 .,
1609 1563 1703 1611 quia

193 1629 290 1666 mihi
321 1629 421 1666 bene
454 1631 513 1666 est
545 1632 585 1665 et
615 1628 689 1665 tibi
721 1629 824 1666 male
863 1628 963 1666 est“.
1026 1629 1227 1667 Praeterea
1263 1634 1356 1679 post
1394 1630 1538 1680 pudet,
1579 1631 1700 1680 piget,

191 1698 382 1748 paenitet,
416 1699 543 1734 iratus
575 1710 674 1743 sum,
707 1711 742 1734 v.
773 1697 884 1747 Capt.
921 1699 1014 1735 203.
1049 1698 1142 1735 Cist.
1166 1699 1258 1735 103.
1290 1698 1407 1748 Epid.
1431 1699 1522 1735 108.
1557 1698 1700 1735 Pseud.

195 1767 291 1804 280.
333 1766 428 1804 282.
471 1765 520 1802 al.
567 1785 624 1789 -
666 1775 752 1803 uon
787 1767 1034 1815 ,ς’ῑιλψθΐῑωῑΐ,
1082 1767 1106 1803 i.
1141 1780 1172 1803 e.
1220 1780 1300 1803 non
1346 1766 1590 1815 respondent
1636 1769 1704 1803 aut

192 1838 360 1884 aequant,
394 1834 442 1871 cf.
474 1834 620 1871 Pseud.
653 1835 751 1872 108:
790 1834 975 1881 „Utinam
1009 1847 1108 1883 quae
1142 1834 1240 1871 dicis
1273 1835 1389 1871 dictis
1420 1834 1528 1871 facta
1558 1847 1701 1883 suppe-

191 1901 324 1940 tant!“
353 1922 409 1927 —
436 1903 500 1939 57.
526 1903 681 1950 noster,
700 1904 724 1939 i.
745 1916 775 1939 e.
797 1916 844 1939 ex
861 1903 1019 1949 nostris,
1039 1917 1085 1939 ex
1102 1903 1174 1939 hac
1191 1903 1354 1940 familia.
1375 1903 1422 1940 cf.
1440 1903 1584 1952 Amph.
1607 1904 1699 1939 395.

190 1991 247 1995 —
283 1971 347 2008 58.
382 1970 419 2008 et
447 1970 507 2007 Fl.
543 1970 699 2007 delebat
729 1971 957 2008 Hermanno
991 1974 1153 2008 auctore
1188 1970 1328 2018 (Elem.
1361 1984 1399 2020 p.
1438 1969 1548 2018 132).
1603 1971 1703 2008 Utut

191 2043 260 2077 aut
289 2039 503 2087 legendum
535 2042 603 2076 aut
630 2039 917 2076 emendandum
943 2042 1013 2087 est,
1048 2050 1071 2077 (ι
1097 2040 1422 2089 praepositionem
1447 2040 1594 2088 corripi
1620 2053 1700 2076 non

194 2107 332 2154 credo,
374 2106 421 2144 cf.
454 2106 614 2144 Miiller.
647 2121 685 2158 p.
721 2109 815 2145 381.
854 2127 910 2132 -—
953 2109 1016 2145 59.
1056 2105 1114 2145 sit
1150 2121 1285 2145 versus
1325 2121 1440 2145 causa
1477 2107 1699 2155 legendum,

191 2189 227 2212 v.
272 2175 321 2212 ad
352 2175 495 2224 Amph.
531 2176 624 2212 971.
694 2175 811 2212 Both.
855 2180 894 2213 et
932 2176 990 2213 Fl.
1031 2176 1233 2213 malebant
1278 2173 1362 2213 scis
1408 2176 1581 2213 scribere
1626 2189 1700 2226 pro

197 2242 387 2291 „nescis“.
430 2264 479 2268 —
524 2244 588 2281 60.
628 2254 705 2281 2203
746 2245 881 2281 tamen
926 2241 972 2282 in
1008 2241 1145 2292 pretio
1184 2254 1347 2291 smnus,
1388 2245 1412 2280 i.
1447 2257 1478 2280 e.
1522 2243 1591 2280 sed
1630 2257 1700 2280 nos

192 2325 350 2362 quoque
381 2312 632 2362 aliquatenus
674 2313 810 2349 uxoris
849 2316 928 2349 tuae
960 2313 1163 2360 ingenium
1195 2313 1406 2358 sentimus,
1438 2326 1510 2349 nos
1543 2325 1700 2361 quoque

193 2379 478 2417 adnumerandi
515 2393 667 2427 sumus,
712 2380 758 2417 cf.
780 2381 897 2420 Poen.
934 2382 1012 2417 327
1046 2394 1124 2430 sq.:
1179 2381 1376 2427 „Primum
1421 2381 1551 2429 prima
1591 2381 1702 2417 salua

192 2449 266 2495 sis,
299 2447 352 2484 Et
383 2447 554 2485 secunda
585 2452 631 2485 tu
663 2448 834 2485 secundo
874 2449 981 2485 salue
1020 2450 1059 2485 in
1097 2450 1245 2498 preti03
1286 2450 1405 2485 tertia
1436 2448 1551 2485 Saluo
1590 2452 1701 2485 extra

191 2514 407 2567 pretium“.
457 2515 655 2566 Sedigitus
689 2515 794 2566 apud
821 2515 921 2553 Gell.
949 2516 1033 2563 XV,
1070 2518 1141 2553 24:
1181 2516 1378 2563 „Naevius
1406 2546 1413 2554 .
1434 2546 1441 2553 .
1463 2547 1470 2553 .
1504 2517 1631 2566 pretio
1662 2517 1702 2553 in

191 2582 394 2622 tertiost“.
456 2582 641 2621 Gertzius
683 2597 802 2633 quum
841 2584 990 2621 ordinis
1030 2585 1205 2633 aliquam
1236 2585 1513 2622 indicationem
1548 2584 1699 2621 deside-

192 2656 321 2699 raret,
360 2655 475 2702 „post
506 2656 640 2688 tamen
676 2653 716 2689 in
754 2653 883 2702 pretio
923 2651 1079 2689 sumus“
1123 2653 1373 2690 scribendum
1414 2653 1612 2705 censebat.
1646 2672 1702 2678 —-

195 2721 259 2757 62.
295 2716 511 2758 Postffl'ius
549 2724 642 2767 etc.,
683 2721 708 2757 i.
743 2734 774 2757 e.
816 2720 888 2757 hoc
927 2724 1036 2767 ante,
1071 2734 1189 2770 quam
1222 2721 1340 2769 dicis,
1373 2721 1448 2759 tibi
1483 2720 1612 2758 credo.
1656 2741 1701 2745 —-

195 2789 259 2825 64.
294 2785 568 2838 Obseqzwllcmz
604 2802 682 2825 non
720 2789 846 2826 solum
893 2788 1008 2826 codd.
1056 2788 1223 2837 habent,
1272 2789 1339 2826 sed
1386 2790 1502 2826 etiam
1548 2789 1700 2826 Nonius

192 2870 231 2906 p.
267 2858 345 2894 215
384 2857 487 2894 hunc
526 2871 682 2894 versum
721 2857 906 2904 laudans3
954 2857 1023 2893 sod
1069 2871 1204 2895 versus
1246 2871 1323 2895 non
1365 2859 1535 2907 patitur,
1577 2870 1698 2906 quare
