<?xml version="1.0" encoding="UTF-8"?>
<!DOCTYPE html PUBLIC "-//W3C//DTD XHTML 1.0 Transitional//EN"
    "http://www.w3.org/TR/xhtml1/DTD/xhtml1-transitional.dtd">
<html xmlns="http://www.w3.org/1999/xhtml" xml:lang="en" lang="en">
 <head>
  <title>
</title>
<meta http-equiv="Content-Type" content="text/html;charset=utf-8" />
  <meta name='ocr-system' content='tesseract 3.04.00' />
  <meta name='ocr-capabilities' content='ocr_page ocr_carea ocr_par ocr_line ocrx_word'/>
</head>
<body>
  <div class='ocr_page' id='page_1' title='image "./comoediaerecensv01plauuoft_0046.png"; bbox 0 0 1926 3275; ppageno 0'>
   <div class='ocr_carea' id='block_1_1' title="bbox 301 314 1798 363">
    <p class='ocr_par' dir='ltr' id='par_1_1' title="bbox 301 314 1798 363">
     <span class='ocr_line' id='line_1_1' title="bbox 301 314 1798 363; baseline -0.004 -10"><span class='ocrx_word' id='word_1_1' title='bbox 301 326 352 363; x_wconf 83' lang='lat'>30</span> <span class='ocrx_word' id='word_1_2' title='bbox 984 317 1107 351; x_wconf 80' lang='lat' dir='ltr'>Plauti</span> <span class='ocrx_word' id='word_1_3' title='bbox 1594 314 1621 357; x_wconf 83' lang='lat' dir='ltr'>I,</span> <span class='ocrx_word' id='word_1_4' title='bbox 1639 316 1670 357; x_wconf 87' lang='lat'>3,</span> <span class='ocrx_word' id='word_1_5' title='bbox 1685 315 1798 348; x_wconf 79' lang='lat'>4—22</span> 
     </span>
    </p>
   </div>
   <div class='ocr_carea' id='block_1_2' title="bbox 270 430 1801 2640">
    <p class='ocr_par' dir='ltr' id='par_1_2' title="bbox 270 430 1801 2640">
     <span class='ocr_line' id='line_1_2' title="bbox 906 430 1193 484; baseline 0 0"><span class='ocrx_word' id='word_1_6' title='bbox 906 430 1193 484; x_wconf 79' lang='lat' dir='ltr'>Alcumena</span> 
     </span>
     <span class='ocr_line' id='line_1_3' title="bbox 303 512 1730 569; baseline -0.004 -10"><span class='ocrx_word' id='word_1_7' title='bbox 303 517 413 568; x_wconf 83' lang='lat' dir='ltr'>Quid</span> <span class='ocrx_word' id='word_1_8' title='bbox 444 518 555 558; x_wconf 88' lang='lat' dir='ltr'>istuc</span> <span class='ocrx_word' id='word_1_9' title='bbox 588 520 663 568; x_wconf 81' lang='lat' dir='ltr'>est,</span> <span class='ocrx_word' id='word_1_10' title='bbox 694 516 752 557; x_wconf 89' lang='lat' dir='ltr'>mi</span> <span class='ocrx_word' id='word_1_11' title='bbox 783 516 862 567; x_wconf 80' lang='lat' dir='ltr'>uir,</span> <span class='ocrx_word' id='word_1_12' title='bbox 894 516 1053 569; x_wconf 82' lang='lat' dir='ltr'>negoti,</span> <span class='ocrx_word' id='word_1_13' title='bbox 1085 515 1201 569; x_wconf 90' lang='lat' dir='ltr'>quod</span> <span class='ocrx_word' id='word_1_14' title='bbox 1229 518 1278 555; x_wconf 93' lang='lat' dir='ltr'>tu</span> <span class='ocrx_word' id='word_1_15' title='bbox 1308 517 1399 555; x_wconf 86' lang='lat' dir='ltr'>tam</span> <span class='ocrx_word' id='word_1_16' title='bbox 1429 512 1572 555; x_wconf 88' lang='lat' dir='ltr'>subito</span> <span class='ocrx_word' id='word_1_17' title='bbox 1605 512 1730 554; x_wconf 88' lang='lat' dir='ltr'>domo</span> 
     </span>
     <span class='ocr_line' id='line_1_4' title="bbox 301 589 471 631; baseline -0.006 0"><span class='ocrx_word' id='word_1_18' title='bbox 301 589 471 631; x_wconf 76' lang='lat' dir='ltr'>Abeas‘?</span> 
     </span>
     <span class='ocr_line' id='line_1_5' title="bbox 925 659 1170 713; baseline -0.008 -12"><span class='ocrx_word' id='word_1_19' title='bbox 925 659 1170 713; x_wconf 86' lang='lat' dir='ltr'>Iuppiter</span> 
     </span>
     <span class='ocr_line' id='line_1_6' title="bbox 506 728 1798 785; baseline -0.002 -13"><span class='ocrx_word' id='word_1_20' title='bbox 506 731 672 785; x_wconf 87' lang='lat' dir='ltr'>Edepol</span> <span class='ocrx_word' id='word_1_21' title='bbox 712 731 829 772; x_wconf 90' lang='lat' dir='ltr'>haud</span> <span class='ocrx_word' id='word_1_22' title='bbox 869 731 984 784; x_wconf 85' lang='lat' dir='ltr'>quod</span> <span class='ocrx_word' id='word_1_23' title='bbox 1022 731 1086 772; x_wconf 89' lang='lat' dir='ltr'>tui</span> <span class='ocrx_word' id='word_1_24' title='bbox 1116 745 1183 772; x_wconf 89' lang='lat' dir='ltr'>me</span> <span class='ocrx_word' id='word_1_25' title='bbox 1215 744 1355 783; x_wconf 85' lang='lat' dir='ltr'>neque</span> <span class='ocrx_word' id='word_1_26' title='bbox 1388 728 1504 771; x_wconf 89' lang='lat' dir='ltr'>domi</span> <span class='ocrx_word' id='word_1_27' title='bbox 1535 728 1798 781; x_wconf 82' lang='lat' dir='ltr'>distaedeat3</span> 
     </span>
     <span class='ocr_line' id='line_1_7' title="bbox 304 801 1799 856; baseline -0.004 -11"><span class='ocrx_word' id='word_1_28' title='bbox 304 805 387 846; x_wconf 80' lang='lat' dir='ltr'>Sed</span> <span class='ocrx_word' id='word_1_29' title='bbox 418 804 492 845; x_wconf 89' lang='lat' dir='ltr'>ubi</span> <span class='ocrx_word' id='word_1_30' title='bbox 523 818 710 844; x_wconf 80' lang='lat' dir='ltr'>summus</span> <span class='ocrx_word' id='word_1_31' title='bbox 744 804 980 856; x_wconf 84' lang='lat' dir='ltr'>imperator</span> <span class='ocrx_word' id='word_1_32' title='bbox 1010 818 1096 844; x_wconf 89' lang='lat' dir='ltr'>non</span> <span class='ocrx_word' id='word_1_33' title='bbox 1128 803 1251 844; x_wconf 84' lang='lat' dir='ltr'>adest</span> <span class='ocrx_word' id='word_1_34' title='bbox 1283 802 1338 843; x_wconf 91' lang='lat' dir='ltr'>ad</span> <span class='ocrx_word' id='word_1_35' title='bbox 1370 801 1619 851; x_wconf 75' lang='lat' dir='ltr'>exercitum,</span> <span class='ocrx_word' id='word_1_36' title='bbox 1732 806 1799 839; x_wconf 82' lang='grc'>500</span> 
     </span>
     <span class='ocr_line' id='line_1_8' title="bbox 303 872 1751 929; baseline -0.003 -12"><span class='ocrx_word' id='word_1_37' title='bbox 303 877 439 918; x_wconf 77' lang='lat' dir='ltr'>Citius</span> <span class='ocrx_word' id='word_1_38' title='bbox 472 876 585 929; x_wconf 85' lang='lat' dir='ltr'>quod</span> <span class='ocrx_word' id='word_1_39' title='bbox 616 890 701 917; x_wconf 87' lang='lat' dir='ltr'>non</span> <span class='ocrx_word' id='word_1_40' title='bbox 731 874 889 917; x_wconf 83' lang='lat' dir='ltr'>factost</span> <span class='ocrx_word' id='word_1_41' title='bbox 919 889 1022 916; x_wconf 88' lang='lat' dir='ltr'>usus</span> <span class='ocrx_word' id='word_1_42' title='bbox 1053 874 1101 915; x_wconf 89' lang='lat' dir='ltr'>fit</span> <span class='ocrx_word' id='word_1_43' title='bbox 1134 889 1261 927; x_wconf 83' lang='lat' dir='ltr'>quam</span> <span class='ocrx_word' id='word_1_44' title='bbox 1293 874 1408 927; x_wconf 88' lang='lat' dir='ltr'>quod</span> <span class='ocrx_word' id='word_1_45' title='bbox 1438 872 1600 914; x_wconf 87' lang='lat' dir='ltr'>factost</span> <span class='ocrx_word' id='word_1_46' title='bbox 1630 886 1751 926; x_wconf 86' lang='lat' dir='ltr'>opus.</span> 
     </span>
     <span class='ocr_line' id='line_1_9' title="bbox 901 947 1198 989; baseline -0.003 0"><span class='ocrx_word' id='word_1_47' title='bbox 901 947 1198 989; x_wconf 85' lang='lat' dir='ltr'>Mercurius</span> 
     </span>
     <span class='ocr_line' id='line_1_10' title="bbox 302 1017 1745 1073; baseline -0.002 -13"><span class='ocrx_word' id='word_1_48' title='bbox 302 1020 436 1061; x_wconf 82' lang='lat' dir='ltr'>Nimis</span> <span class='ocrx_word' id='word_1_49' title='bbox 467 1019 536 1060; x_wconf 89' lang='lat' dir='ltr'>hic</span> <span class='ocrx_word' id='word_1_50' title='bbox 567 1020 718 1060; x_wconf 85' lang='lat' dir='ltr'>scitust</span> <span class='ocrx_word' id='word_1_51' title='bbox 750 1018 1029 1073; x_wconf 71' lang='lat' dir='ltr'>sycophanta,</span> <span class='ocrx_word' id='word_1_52' title='bbox 1063 1019 1135 1071; x_wconf 82' lang='lat' dir='ltr'>qui</span> <span class='ocrx_word' id='word_1_53' title='bbox 1166 1018 1339 1071; x_wconf 81' lang='lat' dir='ltr'>quidem</span> <span class='ocrx_word' id='word_1_54' title='bbox 1370 1031 1489 1059; x_wconf 87' lang='lat' dir='ltr'>meus</span> <span class='ocrx_word' id='word_1_55' title='bbox 1521 1017 1577 1058; x_wconf 89' lang='lat' dir='ltr'>sit</span> <span class='ocrx_word' id='word_1_56' title='bbox 1608 1020 1745 1070; x_wconf 83' lang='lat' dir='ltr'>pater.</span> 
     </span>
     <span class='ocr_line' id='line_1_11' title="bbox 304 1089 1611 1144; baseline -0.002 -12"><span class='ocrx_word' id='word_1_57' title='bbox 304 1091 590 1132; x_wconf 87' lang='lat' dir='ltr'>Obseruatote</span> <span class='ocrx_word' id='word_1_58' title='bbox 623 1105 726 1140; x_wconf 71' lang='lat' dir='ltr'>eum,</span> <span class='ocrx_word' id='word_1_59' title='bbox 759 1105 889 1144; x_wconf 85' lang='lat' dir='ltr'>quam</span> <span class='ocrx_word' id='word_1_60' title='bbox 918 1091 1077 1132; x_wconf 90' lang='lat' dir='ltr'>blande</span> <span class='ocrx_word' id='word_1_61' title='bbox 1109 1091 1398 1144; x_wconf 82' lang='lat' dir='ltr'>suppalpatur</span> <span class='ocrx_word' id='word_1_62' title='bbox 1428 1089 1611 1133; x_wconf 80' lang='lat' dir='ltr'>mulieri.</span> 
     </span>
     <span class='ocr_line' id='line_1_12' title="bbox 907 1162 1195 1204; baseline 0.003 -1"><span class='ocrx_word' id='word_1_63' title='bbox 907 1162 1195 1204; x_wconf 88' lang='lat' dir='ltr'>Alcumena</span> 
     </span>
     <span class='ocr_line' id='line_1_13' title="bbox 302 1235 1521 1288; baseline -0.001 -13"><span class='ocrx_word' id='word_1_64' title='bbox 302 1235 486 1276; x_wconf 76' lang='lat' dir='ltr'>Ecastor</span> <span class='ocrx_word' id='word_1_65' title='bbox 516 1239 558 1276; x_wconf 90' lang='lat' dir='ltr'>te</span> <span class='ocrx_word' id='word_1_66' title='bbox 591 1235 801 1288; x_wconf 75' lang='lat' dir='ltr'>experior,</span> <span class='ocrx_word' id='word_1_67' title='bbox 836 1236 988 1288; x_wconf 86' lang='lat' dir='ltr'>quanti</span> <span class='ocrx_word' id='word_1_68' title='bbox 1018 1235 1151 1276; x_wconf 84' lang='lat' dir='ltr'>facias</span> <span class='ocrx_word' id='word_1_69' title='bbox 1182 1248 1360 1276; x_wconf 80' lang='lat' dir='ltr'>uxorem</span> <span class='ocrx_word' id='word_1_70' title='bbox 1389 1237 1521 1275; x_wconf 86' lang='lat' dir='ltr'>tuam.</span> 
     </span>
     <span class='ocr_line' id='line_1_14' title="bbox 927 1307 1172 1361; baseline 0 -13"><span class='ocrx_word' id='word_1_71' title='bbox 927 1307 983 1348; x_wconf 86' lang='grc'>111</span> <span class='ocrx_word' id='word_1_72' title='bbox 995 1308 1172 1361; x_wconf 85' lang='lat' dir='ltr'>ppiter</span> 
     </span>
     <span class='ocr_line' id='line_1_15' title="bbox 303 1377 1801 1432; baseline -0.003 -12"><span class='ocrx_word' id='word_1_73' title='bbox 303 1378 424 1420; x_wconf 84' lang='lat' dir='ltr'>Satin</span> <span class='ocrx_word' id='word_1_74' title='bbox 455 1377 599 1429; x_wconf 63' lang='grc'>11111163,</span> <span class='ocrx_word' id='word_1_75' title='bbox 631 1379 666 1419; x_wconf 88' lang='lat' dir='ltr'>si</span> <span class='ocrx_word' id='word_1_76' title='bbox 696 1378 954 1419; x_wconf 86' lang='lat' dir='ltr'>feminarum</span> <span class='ocrx_word' id='word_1_77' title='bbox 977 1379 1149 1423; x_wconf 76' lang='lat' dir='ltr'>nullast,</span> <span class='ocrx_word' id='word_1_78' title='bbox 1176 1392 1305 1431; x_wconf 88' lang='lat' dir='ltr'>quam</span> <span class='ocrx_word' id='word_1_79' title='bbox 1329 1391 1466 1432; x_wconf 86' lang='lat' dir='ltr'>aeque</span> <span class='ocrx_word' id='word_1_80' title='bbox 1492 1377 1699 1429; x_wconf 75' lang='lat' dir='ltr'>diligam?</span> <span class='ocrx_word' id='word_1_81' title='bbox 1733 1381 1801 1415; x_wconf 82' lang='lat'>505</span> 
     </span>
     <span class='ocr_line' id='line_1_16' title="bbox 929 1451 1200 1492; baseline 0.004 -1"><span class='ocrx_word' id='word_1_82' title='bbox 929 1451 1200 1492; x_wconf 67' lang='lat' dir='ltr'>{ercurius</span> 
     </span>
     <span class='ocr_line' id='line_1_17' title="bbox 302 1521 1585 1576; baseline -0.001 -14"><span class='ocrx_word' id='word_1_83' title='bbox 302 1521 467 1575; x_wconf 88' lang='lat' dir='ltr'>Edepol</span> <span class='ocrx_word' id='word_1_84' title='bbox 499 1536 551 1563; x_wconf 89' lang='lat' dir='ltr'>ne</span> <span class='ocrx_word' id='word_1_85' title='bbox 582 1521 659 1563; x_wconf 92' lang='lat' dir='ltr'>illa</span> <span class='ocrx_word' id='word_1_86' title='bbox 690 1523 725 1562; x_wconf 88' lang='lat' dir='ltr'>si</span> <span class='ocrx_word' id='word_1_87' title='bbox 755 1522 847 1563; x_wconf 86' lang='lat' dir='ltr'>istis</span> <span class='ocrx_word' id='word_1_88' title='bbox 878 1523 1010 1564; x_wconf 83' lang='lat' dir='ltr'>rebus</span> <span class='ocrx_word' id='word_1_89' title='bbox 1042 1527 1085 1564; x_wconf 89' lang='lat' dir='ltr'>te</span> <span class='ocrx_word' id='word_1_90' title='bbox 1118 1524 1228 1564; x_wconf 86' lang='lat' dir='ltr'>sciat</span> <span class='ocrx_word' id='word_1_91' title='bbox 1259 1536 1437 1576; x_wconf 77' lang='lat' dir='ltr'>operam</span> <span class='ocrx_word' id='word_1_92' title='bbox 1469 1521 1585 1572; x_wconf 75' lang='lat' dir='ltr'>dare,</span> 
     </span>
     <span class='ocr_line' id='line_1_18' title="bbox 302 1593 1654 1648; baseline -0.001 -14"><span class='ocrx_word' id='word_1_93' title='bbox 302 1593 392 1647; x_wconf 88' lang='lat' dir='ltr'>Ego</span> <span class='ocrx_word' id='word_1_94' title='bbox 424 1593 556 1634; x_wconf 75' lang='lat' dir='ltr'>faxim</span> <span class='ocrx_word' id='word_1_95' title='bbox 586 1597 630 1635; x_wconf 83' lang='lat' dir='ltr'>te</span> <span class='ocrx_word' id='word_1_96' title='bbox 661 1594 1020 1648; x_wconf 77' lang='lat' dir='ltr'>Amphitruonem</span> <span class='ocrx_word' id='word_1_97' title='bbox 1052 1609 1145 1636; x_wconf 84' lang='lat' dir='ltr'>esse</span> <span class='ocrx_word' id='word_1_98' title='bbox 1178 1594 1301 1636; x_wconf 87' lang='lat' dir='ltr'>malis</span> <span class='ocrx_word' id='word_1_99' title='bbox 1333 1608 1463 1647; x_wconf 86' lang='lat' dir='ltr'>quam</span> <span class='ocrx_word' id='word_1_100' title='bbox 1494 1593 1654 1634; x_wconf 85' lang='lat' dir='ltr'>Iouem.</span> 
     </span>
     <span class='ocr_line' id='line_1_19' title="bbox 907 1666 1196 1708; baseline 0 -1"><span class='ocrx_word' id='word_1_101' title='bbox 907 1666 1196 1708; x_wconf 86' lang='lat' dir='ltr'>Alcumena</span> 
     </span>
     <span class='ocr_line' id='line_1_20' title="bbox 302 1736 1622 1792; baseline 0 -15"><span class='ocrx_word' id='word_1_102' title='bbox 302 1737 499 1790; x_wconf 79' lang='lat' dir='ltr'>Experiri</span> <span class='ocrx_word' id='word_1_103' title='bbox 529 1738 640 1778; x_wconf 89' lang='lat' dir='ltr'>istuc</span> <span class='ocrx_word' id='word_1_104' title='bbox 670 1738 901 1779; x_wconf 87' lang='lat' dir='ltr'>mauellem</span> <span class='ocrx_word' id='word_1_105' title='bbox 932 1753 998 1779; x_wconf 88' lang='lat' dir='ltr'>me</span> <span class='ocrx_word' id='word_1_106' title='bbox 1032 1753 1161 1792; x_wconf 84' lang='lat' dir='ltr'>quam</span> <span class='ocrx_word' id='word_1_107' title='bbox 1192 1737 1297 1779; x_wconf 88' lang='lat' dir='ltr'>mihi</span> <span class='ocrx_word' id='word_1_108' title='bbox 1327 1736 1622 1779; x_wconf 84' lang='lat' dir='ltr'>memorarier.</span> 
     </span>
     <span class='ocr_line' id='line_1_21' title="bbox 270 1809 1612 1862; baseline 0 -13"><span class='ocrx_word' id='word_1_109' title='bbox 270 1832 275 1839; x_wconf 92' lang='lat'>·</span> <span class='ocrx_word' id='word_1_110' title='bbox 304 1809 425 1850; x_wconf 85' lang='lat' dir='ltr'>Prius</span> <span class='ocrx_word' id='word_1_111' title='bbox 458 1809 550 1850; x_wconf 87' lang='lat' dir='ltr'>abis</span> <span class='ocrx_word' id='word_1_112' title='bbox 582 1823 710 1862; x_wconf 86' lang='lat' dir='ltr'>quam</span> <span class='ocrx_word' id='word_1_113' title='bbox 740 1810 876 1851; x_wconf 83' lang='lat' dir='ltr'>lectus</span> <span class='ocrx_word' id='word_1_114' title='bbox 907 1811 981 1852; x_wconf 89' lang='lat' dir='ltr'>ubi</span> <span class='ocrx_word' id='word_1_115' title='bbox 1013 1811 1201 1852; x_wconf 81' lang='lat' dir='ltr'>cubuisti</span> <span class='ocrx_word' id='word_1_116' title='bbox 1233 1810 1451 1851; x_wconf 82' lang='lat' dir='ltr'>concaluit</span> <span class='ocrx_word' id='word_1_117' title='bbox 1480 1809 1612 1850; x_wconf 89' lang='lat' dir='ltr'>locus.</span> 
     </span>
     <span class='ocr_line' id='line_1_22' title="bbox 305 1880 1800 1935; baseline -0.001 -15"><span class='ocrx_word' id='word_1_118' title='bbox 305 1880 410 1921; x_wconf 85' lang='lat' dir='ltr'>Heri</span> <span class='ocrx_word' id='word_1_119' title='bbox 440 1881 597 1922; x_wconf 85' lang='lat' dir='ltr'>uenisti</span> <span class='ocrx_word' id='word_1_120' title='bbox 628 1882 769 1922; x_wconf 85' lang='lat' dir='ltr'>media</span> <span class='ocrx_word' id='word_1_121' title='bbox 799 1886 938 1934; x_wconf 78' lang='lat' dir='ltr'>nocte,</span> <span class='ocrx_word' id='word_1_122' title='bbox 970 1897 1085 1923; x_wconf 91' lang='lat' dir='ltr'>nunc</span> <span class='ocrx_word' id='word_1_123' title='bbox 1117 1882 1222 1923; x_wconf 86' lang='lat' dir='ltr'>abis.</span> <span class='ocrx_word' id='word_1_124' title='bbox 1270 1882 1435 1923; x_wconf 87' lang='lat' dir='ltr'>Hocine</span> <span class='ocrx_word' id='word_1_125' title='bbox 1467 1881 1643 1935; x_wconf 80' lang='lat' dir='ltr'>placet?</span> <span class='ocrx_word' id='word_1_126' title='bbox 1733 1885 1800 1919; x_wconf 85' lang='lat'>510</span> 
     </span>
     <span class='ocr_line' id='line_1_23' title="bbox 598 1954 1201 1996; baseline 0 -1"><span class='ocrx_word' id='word_1_127' title='bbox 598 1959 600 1962; x_wconf 77' lang='grc'>’</span> <span class='ocrx_word' id='word_1_128' title='bbox 904 1954 1201 1996; x_wconf 81' lang='lat' dir='ltr'>Mercurius</span> 
     </span>
     <span class='ocr_line' id='line_1_24' title="bbox 304 2023 1705 2079; baseline 0.001 -16"><span class='ocrx_word' id='word_1_129' title='bbox 304 2023 518 2064; x_wconf 80' lang='lat' dir='ltr'>Accedam</span> <span class='ocrx_word' id='word_1_130' title='bbox 551 2028 678 2076; x_wconf 82' lang='lat' dir='ltr'>atque</span> <span class='ocrx_word' id='word_1_131' title='bbox 709 2024 819 2066; x_wconf 83' lang='lat' dir='ltr'>hanc</span> <span class='ocrx_word' id='word_1_132' title='bbox 851 2025 1081 2079; x_wconf 88' lang='lat' dir='ltr'>appellabo</span> <span class='ocrx_word' id='word_1_133' title='bbox 1115 2030 1156 2067; x_wconf 91' lang='lat' dir='ltr'>et</span> <span class='ocrx_word' id='word_1_134' title='bbox 1187 2024 1547 2079; x_wconf 85' lang='lat' dir='ltr'>supparasitabor</span> <span class='ocrx_word' id='word_1_135' title='bbox 1579 2024 1705 2078; x_wconf 87' lang='lat' dir='ltr'>patri.</span> 
     </span>
     <span class='ocr_line' id='line_1_25' title="bbox 305 2095 1800 2151; baseline 0.001 -17"><span class='ocrx_word' id='word_1_136' title='bbox 305 2095 548 2147; x_wconf 82' lang='lat' dir='ltr'>Numquam</span> <span class='ocrx_word' id='word_1_137' title='bbox 587 2096 739 2150; x_wconf 78' lang='lat' dir='ltr'>edepol</span> <span class='ocrx_word' id='word_1_138' title='bbox 779 2111 1037 2151; x_wconf 80' lang='lat' dir='ltr'>quemquam</span> <span class='ocrx_word' id='word_1_139' title='bbox 1074 2098 1302 2139; x_wconf 85' lang='lat' dir='ltr'>mortalem</span> <span class='ocrx_word' id='word_1_140' title='bbox 1342 2097 1471 2138; x_wconf 87' lang='lat' dir='ltr'>credo</span> <span class='ocrx_word' id='word_1_141' title='bbox 1510 2110 1588 2150; x_wconf 82' lang='lat' dir='ltr'>ego</span> <span class='ocrx_word' id='word_1_142' title='bbox 1620 2110 1800 2138; x_wconf 74' lang='lat' dir='ltr'>uxorem</span> 
     </span>
     <span class='ocr_line' id='line_1_26' title="bbox 1258 2184 1381 2211; baseline -0.008 0"><span class='ocrx_word' id='word_1_143' title='bbox 1258 2184 1381 2211; x_wconf 87' lang='lat' dir='ltr'>suam</span> 
     </span>
     <span class='ocr_line' id='line_1_27' title="bbox 308 2236 1712 2294; baseline 0.002 -17"><span class='ocrx_word' id='word_1_144' title='bbox 308 2237 376 2278; x_wconf 83' lang='lat' dir='ltr'>Sic</span> <span class='ocrx_word' id='word_1_145' title='bbox 409 2236 608 2279; x_wconf 82' lang='lat' dir='ltr'>ecflictim</span> <span class='ocrx_word' id='word_1_146' title='bbox 640 2253 796 2291; x_wconf 80' lang='lat' dir='ltr'>amare,</span> <span class='ocrx_word' id='word_1_147' title='bbox 829 2241 1009 2294; x_wconf 88' lang='lat' dir='ltr'>proinde</span> <span class='ocrx_word' id='word_1_148' title='bbox 1041 2246 1090 2283; x_wconf 84' lang='lat' dir='ltr'>ut</span> <span class='ocrx_word' id='word_1_149' title='bbox 1120 2242 1189 2283; x_wconf 87' lang='lat' dir='ltr'>hic</span> <span class='ocrx_word' id='word_1_150' title='bbox 1220 2246 1263 2283; x_wconf 87' lang='lat' dir='ltr'>tc</span> <span class='ocrx_word' id='word_1_151' title='bbox 1296 2241 1499 2283; x_wconf 86' lang='lat' dir='ltr'>ecflictim</span> <span class='ocrx_word' id='word_1_152' title='bbox 1531 2239 1712 2293; x_wconf 86' lang='lat' dir='ltr'>deperit.</span> 
     </span>
     <span class='ocr_line' id='line_1_28' title="bbox 929 2313 1352 2367; baseline 0.002 -14"><span class='ocrx_word' id='word_1_153' title='bbox 929 2313 1173 2367; x_wconf 85' lang='lat' dir='ltr'>Iuppiter</span> <span class='ocrx_word' id='word_1_154' title='bbox 1348 2356 1352 2361; x_wconf 71' lang='grc'><em>,</em></span> 
     </span>
     <span class='ocr_line' id='line_1_29' title="bbox 307 2378 1615 2438; baseline 0.004 -19"><span class='ocrx_word' id='word_1_155' title='bbox 307 2378 531 2431; x_wconf 79' lang='lat' dir='ltr'>Carnufex,</span> <span class='ocrx_word' id='word_1_156' title='bbox 565 2395 648 2422; x_wconf 89' lang='grc'>11011</span> <span class='ocrx_word' id='word_1_157' title='bbox 679 2396 758 2435; x_wconf 80' lang='lat' dir='ltr'>ego</span> <span class='ocrx_word' id='word_1_158' title='bbox 789 2387 832 2424; x_wconf 88' lang='lat' dir='ltr'>te</span> <span class='ocrx_word' id='word_1_159' title='bbox 863 2385 994 2425; x_wconf 82' lang='lat' dir='ltr'>noui‘?</span> <span class='ocrx_word' id='word_1_160' title='bbox 1026 2385 1136 2426; x_wconf 85' lang='lat' dir='ltr'>Abin</span> <span class='ocrx_word' id='word_1_161' title='bbox 1169 2400 1191 2427; x_wconf 90' lang='lat' dir='ltr'>e</span> <span class='ocrx_word' id='word_1_162' title='bbox 1224 2388 1459 2438; x_wconf 84' lang='lat' dir='ltr'>conspectu</span> <span class='ocrx_word' id='word_1_163' title='bbox 1488 2383 1615 2425; x_wconf 77' lang='lat' dir='ltr'>mco?</span> 
     </span>
     <span class='ocr_line' id='line_1_30' title="bbox 308 2451 1800 2508; baseline 0.005 -19"><span class='ocrx_word' id='word_1_164' title='bbox 308 2451 417 2499; x_wconf 76' lang='lat' dir='ltr'>Quid</span> <span class='ocrx_word' id='word_1_165' title='bbox 449 2451 525 2492; x_wconf 88' lang='lat' dir='ltr'>tibi</span> <span class='ocrx_word' id='word_1_166' title='bbox 557 2452 667 2493; x_wconf 87' lang='lat' dir='ltr'>hanc</span> <span class='ocrx_word' id='word_1_167' title='bbox 700 2455 907 2495; x_wconf 85' lang='lat' dir='ltr'>curatiost</span> <span class='ocrx_word' id='word_1_168' title='bbox 937 2470 1039 2507; x_wconf 84' lang='lat' dir='ltr'>rem,</span> <span class='ocrx_word' id='word_1_169' title='bbox 1072 2457 1270 2508; x_wconf 71' lang='lat' dir='ltr'>uorbero,</span> <span class='ocrx_word' id='word_1_170' title='bbox 1302 2461 1377 2497; x_wconf 91' lang='lat' dir='ltr'>aut</span> <span class='ocrx_word' id='word_1_171' title='bbox 1408 2454 1630 2497; x_wconf 83' lang='lat' dir='ltr'>muttitio‘?</span> <span class='ocrx_word' id='word_1_172' title='bbox 1734 2459 1800 2492; x_wconf 84' lang='lat'>515</span> 
     </span>
     <span class='ocr_line' id='line_1_31' title="bbox 308 2522 1089 2580; baseline 0.013 -23"><span class='ocrx_word' id='word_1_173' title='bbox 308 2522 414 2570; x_wconf 78' lang='lat' dir='ltr'>Quoi</span> <span class='ocrx_word' id='word_1_174' title='bbox 449 2536 525 2574; x_wconf 78' lang='lat' dir='ltr'>ego</span> <span class='ocrx_word' id='word_1_175' title='bbox 558 2523 641 2564; x_wconf 84' lang='lat' dir='ltr'>iam</span> <span class='ocrx_word' id='word_1_176' title='bbox 671 2525 756 2566; x_wconf 73' lang='lat' dir='ltr'>iam</span> <span class='ocrx_word' id='word_1_177' title='bbox 786 2525 867 2567; x_wconf 91' lang='lat' dir='ltr'>hoc</span> <span class='ocrx_word' id='word_1_178' title='bbox 899 2528 1089 2580; x_wconf 84' lang='lat' dir='ltr'>scipione</span> 
     </span>
     <span class='ocr_line' id='line_1_32' title="bbox 911 2598 1197 2640; baseline 0.007 -2"><span class='ocrx_word' id='word_1_179' title='bbox 911 2598 1197 2640; x_wconf 85' lang='lat' dir='ltr'>Alcumena</span> 
     </span>
    </p>
   </div>
   <div class='ocr_carea' id='block_1_3' title="bbox 1204 2670 1404 2712">
    <p class='ocr_par' dir='ltr' id='par_1_3' title="bbox 1204 2670 1404 2712">
     <span class='ocr_line' id='line_1_33' title="bbox 1204 2670 1404 2712; baseline 0.005 -1"><span class='ocrx_word' id='word_1_180' title='bbox 1204 2670 1272 2712; x_wconf 86' lang='lat' dir='ltr'>Ah</span> <span class='ocrx_word' id='word_1_181' title='bbox 1302 2672 1404 2712; x_wconf 85' lang='lat' dir='ltr'>noli.</span> 
     </span>
    </p>
   </div>
   <div class='ocr_carea' id='block_1_4' title="bbox 386 2767 547 2771">
    <p class='ocr_par' dir='ltr' id='par_1_4' title="bbox 386 2767 547 2771">
     <span class='ocr_line' id='line_1_34' title="bbox 386 2767 547 2771; baseline 0 0"><span class='ocrx_word' id='word_1_182' title='bbox 386 2767 547 2771; x_wconf 95' lang='lat' dir='ltr'> </span> 
     </span>
    </p>
   </div>
   <div class='ocr_carea' id='block_1_5' title="bbox 308 2831 1795 2935">
    <p class='ocr_par' dir='ltr' id='par_1_5' title="bbox 308 2831 1795 2935">
     <span class='ocr_line' id='line_1_35' title="bbox 398 2831 1795 2883; baseline 0.007 -21"><span class='ocrx_word' id='word_1_183' title='bbox 398 2831 462 2864; x_wconf 80' lang='lat'>503</span> <span class='ocrx_word' id='word_1_184' title='bbox 489 2831 732 2867; x_wconf 61' lang='lat' dir='ltr'>obseruatum</span> <span class='ocrx_word' id='word_1_185' title='bbox 765 2846 869 2878; x_wconf 84' lang='lat' dir='ltr'>quam</span> <span class='ocrx_word' id='word_1_186' title='bbox 903 2837 1036 2870; x_wconf 69' lang='lat' dir='ltr'>blando</span> <span class='ocrx_word' id='word_1_187' title='bbox 1067 2839 1209 2872; x_wconf 71' lang='lat' dir='ltr'>muli«=ri</span> <span class='ocrx_word' id='word_1_188' title='bbox 1235 2839 1447 2883; x_wconf 84' lang='lat' dir='ltr'>palpabitur</span> <span class='ocrx_word' id='word_1_189' title='bbox 1540 2840 1604 2873; x_wconf 86' lang='lat'>513</span> <span class='ocrx_word' id='word_1_190' title='bbox 1631 2838 1795 2873; x_wconf 81' lang='lat' dir='ltr'>aiflictim</span> 
     </span>
     <span class='ocr_line' id='line_1_36' title="bbox 308 2886 1030 2935; baseline 0.011 -17"><span class='ocrx_word' id='word_1_191' title='bbox 308 2886 468 2919; x_wconf 61' lang='lat' dir='ltr'>omn-tim</span> <span class='ocrx_word' id='word_1_192' title='bbox 565 2891 628 2922; x_wconf 66' lang='lat'>51⁴5</span> <span class='ocrx_word' id='word_1_193' title='bbox 655 2891 731 2931; x_wconf 69' lang='lat' dir='ltr'>Quo</span> <span class='ocrx_word' id='word_1_194' title='bbox 759 2891 838 2935; x_wconf 65' lang='lat' dir='ltr'>loge</span> <span class='ocrx_word' id='word_1_195' title='bbox 867 2892 935 2926; x_wconf 75' lang='lat' dir='ltr'>iam</span> <span class='ocrx_word' id='word_1_196' title='bbox 961 2893 1030 2926; x_wconf 76' lang='grc'>1106</span> 
     </span>
    </p>
   </div>
  </div>
 </body>
</html>
