1926 3275
744 305 785 340 V.
815 306 1002 340 153—159.
1542 310 1622 348 249

124 435 237 485 ponit
267 449 301 471 v.
333 436 423 481 159,
457 435 502 471 cf.
528 435 636 471 Asin.
662 436 740 472 557
774 438 812 472 et
846 436 937 481 567,
970 435 1039 472 ubi
1070 436 1165 472 item
1197 438 1242 471 ut
1272 435 1309 472 h.
1344 435 1368 472 l.
1403 435 1489 473 06ΐο
1526 436 1624 481 „vir-

124 502 304 551 gatores“
341 507 718 550 commemorantur,
752 507 796 540 ut
825 508 885 541 tot
918 504 1037 540 fuisse
1071 507 1260 552 appareat
1290 505 1410 540 trium
1449 504 1625 540 virorum

123 572 307 608 viatores.
332 591 388 596 —
415 572 505 608 157.
537 569 585 609 in
616 582 684 610 ero
710 573 787 609 iam
811 573 852 608 in
877 571 987 608 codd.
1016 571 1273 609 emendatum.
1301 592 1356 596 —-
1381 569 1516 610 dicere
1547 585 1625 608 me-

124 643 231 676 trum
261 652 340 676 non
370 640 527 687 turbat,
563 641 655 689 quia
685 641 823 677 ultima
856 640 1006 689 syllaba
1042 643 1131 676 ante
1164 639 1345 677 diaeresin
1377 653 1520 689 anceps
1553 642 1623 676 est.

125 707 201 744 Sed
231 720 367 744 versus
398 708 437 744 in
470 707 583 745 codd.
616 709 722 745 iusto
754 709 911 756 longior
942 712 1012 745 est.
1074 707 1280 745 Facillimo
1318 708 1494 744 remedio
1532 721 1626 745 usus

124 776 183 812 Fl.
215 773 297 813 siet
324 777 364 812 in
395 777 617 825 proximum
650 790 805 813 versum
837 775 1050 823 transtulit,
1080 776 1185 825 quod
1210 777 1388 826 quamvis
1413 779 1519 813 recte
1542 775 1626 812 fieri

124 857 239 893 posse
278 845 430 893 negarit
468 843 563 880 Brix
604 842 754 894 (Progr.
790 845 926 893 Liegn.
965 843 1110 891 1857),
1151 848 1284 881 tamen
1323 845 1489 891 retinui,
1534 858 1626 881 nam

123 913 240 950 nimis
271 912 386 959 longe
420 912 637 949 abscedunt
669 916 708 949 et
738 912 851 949 Brix:
905 912 1076 959 „diem-e,
1117 925 1243 961 neque
1283 913 1379 949 mihi
1418 914 1626 962 quicquam

125 980 247 1018 auxili
286 981 359 1016 siet
397 980 442 1016 In
482 993 568 1026 ero,
609 981 761 1029 neque‘·
806 984 843 1017 et
883 980 1048 1017 Muller:
1102 981 1274 1028 „dicere,
1315 994 1442 1030 neque
1480 982 1520 1017 in
1559 994 1626 1018 ero

125 1049 336 1098 quicquam
363 1048 486 1085 auxili
511 1049 596 1094 siet,
623 1048 703 1085 Nec
731 1049 940 1098 quisquam
977 1050 1039 1096 sit,
1075 1050 1169 1098 quin
1202 1062 1260 1085 me
1295 1046 1430 1096 [malo]
1465 1048 1621 1086 omnes“

125 1120 164 1154 et
193 1116 323 1154 Luchs
354 1117 393 1153 in
421 1115 681 1153 Studemundi
708 1116 857 1154 Studiis
889 1118 918 1163 I,
951 1131 989 1167 p.
1021 1118 1091 1154 56:
1130 1117 1295 1164 „dicere,
1330 1131 1456 1166 neque
1488 1117 1530 1153 in
1561 1130 1627 1153 ero

125 1186 337 1236 quicquam
369 1185 421 1221 sit
452 1185 504 1220 mi
535 1185 676 1231 auxili,
708 1184 789 1222 Nec
822 1186 1030 1235 quisquam
1067 1187 1138 1232 sit,
1173 1186 1267 1235 quin
1297 1199 1357 1222 me
1391 1183 1509 1232 [malo
1542 1198 1626 1222 cru-

125 1251 247 1301 ciatu]
282 1253 444 1302 dignum
476 1251 707 1302 deputent‘³.
764 1253 810 1290 In
842 1254 983 1303 quibus
1015 1255 1046 1290 si
1077 1254 1209 1304 placet
1241 1254 1437 1291 ablativus
1468 1254 1627 1290 additus

124 1322 212 1359 voci
242 1318 426 1370 diymcm,
461 1334 538 1358 non
571 1320 781 1359 admodum
808 1321 1023 1359 difficulter
1048 1335 1094 1359 ex
1119 1335 1154 1359 V.
1178 1322 1255 1359 156
1284 1322 1442 1360 auditur
1472 1319 1625 1371 flaym3

125 1390 316 1427 Luchsius
348 1393 481 1426 autem
507 1389 612 1438 quod
644 1399 784 1427 omnes
809 1403 881 1440 pro
908 1390 1146 1438 glossemate
1171 1391 1321 1437 habuit,
1347 1403 1486 1440 parum
1510 1403 1626 1439 repu-

124 1459 226 1496 tavit
246 1458 468 1495 Plautinam
494 1457 789 1505 abundantiam,
816 1459 925 1496 cuius
950 1472 1069 1508 quum
1102 1459 1178 1496 alia
1209 1459 1416 1496 innumera
1448 1458 1628 1507 exempla

125 1526 257 1564 afferri
287 1529 467 1576 possunt,
499 1529 584 1563 tum
614 1526 722 1563 Asin.
758 1527 835 1564 553
857 1556 864 1563 .
885 1556 891 1563 .
913 1558 919 1564 .
941 1528 990 1563 57
1025 1530 1062 1563 et
1096 1527 1174 1564 560
1195 1558 1202 1565 .
1224 1557 1231 1564 .
1252 1557 1258 1564 .
1282 1528 1353 1564 67:
1393 1527 1628 1573 „memorari

124 1595 249 1632 multa
286 1598 454 1644 possunt
487 1624 571 1641 ...,
612 1594 681 1632 ubi
720 1592 875 1644 saepe“.
938 1595 1051 1641 Quod
1097 1599 1227 1632 autem
1273 1609 1308 1632 v.
1346 1596 1424 1632 158
1473 1595 1627 1632 diaeresi

127 1667 245 1709 caret,
277 1676 356 1700 non
388 1665 448 1698 est
477 1662 689 1708 insolitum,
723 1676 758 1699 v.
791 1662 947 1710 Proleg.
980 1676 1019 1713 p.
1057 1664 1148 1700 185.

244 1731 478 1768 159—176.
510 1730 791 1767 Vehementior
822 1731 983 1780 querela
1014 1732 1194 1768 maiorem
1224 1744 1476 1768 numerorum
1502 1731 1626 1767 varie-

127 1802 246 1836 tatem
294 1798 488 1848 postulat3
543 1811 664 1847 quare
709 1800 932 1836 octonarios
978 1799 1166 1836 iambicos
1212 1800 1413 1849 excipiunt
1456 1799 1627 1847 primum

126 1867 350 1904 trochaicus
390 1867 615 1903 octonarius
648 1880 735 1903 cum
766 1866 876 1903 hiatu
908 1868 947 1903 in
979 1867 1151 1913 diaeresi,
1188 1866 1460 1903 deinde'varii
1492 1879 1628 1903 versus

127 1936 167 1972 in
198 1935 391 1972 trochaeos
432 1934 512 1971 fere
551 1938 755 1981 exeuntes,
796 1935 864 1972 sed
902 1936 1005 1972 inter
1042 1936 1197 1985 priores
1228 1935 1348 1984 pedes
1381 1938 1419 1971 et
1451 1934 1626 1983 dactylos

127 2008 166 2040 et
205 2002 449 2040 choriambos
491 2007 527 2039 et
566 2015 724 2051 paeones
764 2006 802 2039 et
842 2005 1005 2040 creticos
1044 2003 1253 2050 habentes;
1292 2017 1367 2040 vss.
1406 2003 1626 2040 166—170

128 2071 372 2108 Hermannus
397 2074 434 2108 et
451 2071 645 2108 Christius
664 2069 828 2118 (Metrik
847 2085 884 2121 p.
899 2055 1004 2119 ¹511)
1032 2071 1226 2109 Sotadeos
1252 2071 1563 2121 appellaverunt,
1585 2083 1627 2106 ac

127 2153 219 2176 sane
255 2140 344 2185 166,
382 2139 472 2185 169,
510 2141 587 2177 170
620 2139 881 2176 Sotadeorum
914 2140 1067 2176 schema
1099 2141 1390 2176 accuratissime
1423 2138 1626 2184 exhibcnt3

128 2221 201 2243 vss.
228 2208 418 2244 171—76
451 2207 648 2244 bacchiaci
681 2211 772 2244 sunt
803 2221 888 2244 cum
921 2207 1095 2245 clausula
1125 2208 1335 2245 trochaica.
1384 2207 1475 2244 Haec
1508 2207 1629 2254 igitur

128 2276 248 2312 totius
279 2275 355 2313 loci
386 2275 512 2313 forma
542 2276 705 2312 metrica
737 2279 805 2312 est.

242 2570 1017 2578 -—-„a—-—.———-—-ae—

249 2706 913 2717 v-r—„ae-ae——q———

243 2842 1107 2852 ——v-a——av—-ae—--a—-—
