1926 3275
254 331 335 370 258
886 326 1121 370 Amphitruo.

253 456 454 502 Lindem.,
502 468 611 501 nam,
659 455 915 504 sequentibus
965 455 1079 502 „hinc
1125 459 1165 492 et
1205 454 1352 502 illiuc“‚
1399 452 1608 504 utrimque
1651 457 1753 494 male

255 523 448 570 abundat,
495 535 712 572 pronomen
751 523 1008 559 desideratur.
1048 543 1104 547 —
1144 524 1237 560 227.
1270 523 1414 561 Versus
1455 523 1603 573 duplici
1643 524 1755 562 hiatu

252 592 454 637 laborans,
509 593 603 639 post
653 587 868 639 suscipere
920 594 959 627 et
1009 595 1102 639 post
1146 587 1326 638 hortari,
1373 592 1439 629 vix
1484 592 1635 642 integer
1680 597 1752 630 est.

254 660 313 697 Fl.
345 659 467 709 paulo
499 656 685 694 audacius
717 658 865 694 edidit:
910 661 1018 704 „tum
1050 660 1263 696 exercitum
1294 658 1530 696 hortarier“.
1585 660 1756 709 Seyffert

257 727 469 775 (Philolog.
510 725 681 771 XXVII,
729 738 767 774 p.
808 723 906 773 451)
966 729 1155 776 „uterque
1200 727 1351 764 hortari
1397 726 1652 765 exe1·citum“.
1698 749 1755 753 —

256 797 349 833 228.
374 792 494 844 potis
528 794 590 831 6315
627 807 700 842 pro
736 794 877 842 potest
912 795 1050 843 scripsi
1088 807 1224 831 versus
1264 808 1397 841 causa,
1439 794 1616 832 Lindem.
1650 801 1754 833 cete-

253 867 366 914 rique
410 867 473 911 „et
509 867 644 913 potest
682 866 721 898 et
757 859 890 898 ualet“
935 863 1186 910 scripserant.
1230 882 1276 886 —
1326 863 1418 899 229.
1453 859 1547 901 boat
1576 862 1755 900 Graecum

253 932 510 978 vocabulum,
551 934 596 967 ut
632 930 709 967 alia
741 929 845 979 apud
875 929 1072 966 Plautum.
1134 930 1217 966 Hoc
1259 930 1416 979 quidem
1455 931 1573 968 etiam
1603 931 1757 969 Ennius

253 1014 346 1037 usus
378 1004 453 1036 est:
501 999 694 1045 „clamore
733 995 948 1035 bouantes“
987 996 1129 1044 (Varro
1162 998 1205 1034 L.
1240 997 1284 1034 L.
1319 998 1408 1044 VII,
1447 996 1542 1046 104)
1584 1002 1640 1046 et,
1680 1000 1757 1036 nisi

253 1069 389 1114 fallor,
430 1067 624 1104 Pacuvius
660 1065 798 1102 Medo:
851 1065 1053 1111 „Clamore
1100 1070 1139 1102 et
1186 1067 1318 1103 sonitu
1365 1066 1482 1103 colles
1526 1071 1756 1104 resonantes

254 1134 413 1182 boant“,
446 1135 514 1172 ubi
545 1134 696 1171 Nonius
727 1146 764 1182 p.
801 1134 850 1169 79
889 1132 1059 1179 „bount“
1096 1134 1204 1182 legit.
1266 1133 1443 1171 Utuntur
1473 1136 1591 1171 etiam
1617 1135 1756 1183 Vergi-

253 1201 330 1241 lius
370 1207 408 1241 et
447 1202 623 1240 Ovidius.
663 1221 719 1225 —-
758 1202 851 1238 230.
884 1199 1040 1250 spiritu
1081 1202 1202 1249 atque
1241 1197 1429 1239 anhelitu
1459 1201 1489 1238 B
1529 1205 1567 1238 et
1604 1202 1755 1239 Nonius

254 1287 291 1322 p.
319 1273 420 1317 2723
448 1271 664 1307 deteriores
692 1269 803 1306 codd.
829 1269 930 1305 male
962 1270 1083 1317 atquc
1109 1270 1311 1306 omittunt.
1360 1269 1474 1315 Quod
1501 1269 1550 1306 ad
1574 1283 1757 1307 numeros

255 1341 411 1386 attinet,
445 1338 675 1387 Spengelius
709 1335 857 1383 (Plaut.
891 1350 928 1386 p.
959 1334 1028 1384 77)
1062 1341 1223 1386 poetam
1255 1351 1277 1373 a
1308 1338 1463 1373 creticis
1493 1338 1535 1374 in
1566 1338 1758 1375 troehaeos

256 1409 398 1445 abiisse
438 1406 639 1452 censebat,
686 1418 755 1442 nos
796 1405 917 1453 atque
955 1406 1122 1454 primam
1163 1406 1361 1454 corripere
1401 1406 1635 1452 statuimus,
1674 1406 1755 1442 vid.

254 1476 406 1524 Proleg.
439 1487 476 1523 p.
505 1475 597 1511 205.
632 1494 684 1497 ·—
719 1474 811 1510 231.
847 1473 1010 1511 constat
1040 1476 1078 1510 et
1109 1473 1221 1509 codd.
1256 1477 1294 1509 et
1318 1472 1466 1510 Nonius
1496 1487 1534 1523 p.
1563 1474 1655 1519 272,
1689 1474 1758 1522 qui

255 1547 362 1580 recte
394 1543 700 1590 interpretatur:
740 1536 957 1587 „cemma
991 1539 1194 1577 consistit“
1232 1542 1434 1578 conferens
1460 1541 1578 1577 etiam
1604 1541 1758 1590 antiqui

255 1611 400 1658 tragici
431 1610 558 1647 locum
591 1609 697 1659 apud
724 1609 844 1646 Cicer.
871 1609 1027 1646 Tuscul.
1056 1608 1085 1655 I,
1118 1609 1180 1655 16,
1211 1610 1281 1646 37:
1321 1608 1411 1655 „ubi
1443 1608 1572 1656 rigida
1603 1611 1759 1645 constat

257 1691 389 1715 crassa
434 1678 557 1726 caligo
604 1676 812 1713 inferum“.
874 1676 1144 1726 Significatur,
1192 1676 1375 1713 nebulam
1422 1680 1595 1713 coactam
1640 1679 1755 1713 stare.

256 1746 488 1783 Fleckeisen
526 1746 695 1794 recepit,
730 1745 835 1794 quod
868 1745 1215 1782 Schwarzmannus
1250 1745 1291 1780 in
1322 1744 1352 1780 B
1384 1744 1462 1794 legi
1494 1742 1759 1781 affirmaverat

258 1812 309 1860 (v.
336 1813 445 1863 praef.
472 1826 510 1862 p.
531 1811 594 1860 V),
627 1810 790 1862 conflat,
823 1814 920 1850 mire
954 1812 1177 1858 admodum,
1210 1815 1254 1848 ut
1285 1812 1447 1849 verbum
1478 1813 1648 1849 activum
1679 1824 1758 1848 non

257 1882 506 1918 intransitive
539 1881 606 1917 sed
638 1882 794 1930 passive
825 1884 1050 1930 poneretur.
1099 1880 1244 1917 Verum
1275 1893 1354 1917 non
1393 1884 1452 1916 est
1485 1879 1757 1926 laborandum,

259 1963 350 1986 nam
391 1949 538 1986 erravit
569 1948 928 1986 Schwarzmannus.
960 1969 1017 1972 —
1048 1945 1233 1985 uolneris*
1271 1944 1317 1984 ui
1357 1948 1397 1984 et
1432 1944 1590 1985 ‘adrium
1629 1947 1756 1994 codd,

260 2017 366 2067 quod
397 2030 514 2066 quum
547 2017 718 2052 numeris
759 2020 1017 2065 repugnaret,
1058 2015 1222 2052 Bothius
1263 2015 1462 2064 ceterique
1494 2012 1634 2052 ztirwn
1664 2015 1758 2052 scri-

258 2089 433 2136 pserunt.
494 2083 570 2121 Sed
601 2097 741 2132 parum
773 2088 863 2132 apte
895 2083 1039 2119 milites
1071 2083 1244 2119 vulneris
1277 2086 1315 2119 et
1346 2083 1521 2119 virorum
1551 2083 1589 2120 vi
1621 2083 1759 2120 cadere

260 2153 454 2189 dicuntur.
516 2151 710 2200 Equidem
744 2151 836 2188 olim
870 2151 1000 2187 deleta
1035 2148 1121 2196 „et“
1157 2150 1354 2199 particula
1384 2147 1471 2187 uiri
1501 2151 1757 2200 scripseram3

260 2222 299 2257 in
332 2220 492 2257 eandem
524 2220 787 2256 coniecturam
820 2219 958 2255 incidit
989 2218 1175 2267 Seyffert,
1210 2218 1401 2268 Philolog.
1434 2218 1557 2264 XXV,
1590 2232 1628 2268 p.
1662 2219 1757 2264 441,

261 2293 298 2325 et
330 2288 470 2334 Luchs,
505 2286 636 2323 Herm.
670 2286 774 2332 VIII,
812 2287 902 2333 108,
936 2287 1002 2336 qui
1033 2287 1105 2323 hoc
1137 2299 1294 2335 quoque
1326 2290 1430 2323 recte
1466 2285 1757 2331 animadvertit,

260 2355 496 2404 singularem
547 2351 733 2391 uolneris
784 2355 877 2390 ferri
931 2368 1009 2391 non
1055 2367 1188 2402 posse,
1236 2349 1452 2390 uolnerum
1498 2353 1658 2402 requiri.
1703 2372 1760 2376 —

263 2424 355 2459 232.
389 2419 599 2459 uolm'mu-s'
635 2422 865 2458 emendator
904 2421 1047 2459 codicis
1080 2421 1122 2458 B.
1155 2442 1210 2445 —
1243 2422 1336 2458 233.
1369 2418 1547 2459 'ze-*icimus
1577 2418 1622 2458 αἱ
1651 2418 1758 2470 fero-

261 2500 344 2536 ces,
378 2490 552 2527 clausula
583 2494 815 2526 tetrametro
849 2490 1002 2535 addita,
1037 2502 1171 2538 quam,
1212 2490 1244 2525 si
1277 2488 1447 2534 abesset,
1488 2502 1567 2525 non
1607 2488 1759 2525 deside-

261 2571 401 2594 rarem.

379 2626 470 2661 234.
503 2623 648 2674 fussam
678 2622 735 2662 in.
797 2624 1046 2673 Anastrophe
1078 2624 1400 2673 praepositionum
1440 2623 1545 2672 apud
1575 2622 1759 2659 Plautum

263 2693 461 2729 invenitur
493 2705 571 2729 non
602 2692 728 2729 solum
760 2691 1054 2739 disyllabarum,
1082 2695 1127 2728 ut
1152 2704 1254 2740 erga,
1279 2692 1396 2738 inter,
1422 2703 1553 2739 penes,
1579 2692 1758 2739 propter,

265 2759 405 2809 quibus
438 2759 628 2795 accedunt
659 2760 776 2795 etiam
811 2759 1034 2805 aduorsum,
1068 2758 1295 2804 secundum,
1322 2758 1475 2795 circiter
1506 2754 1617 2804 (Cist.
1645 2753 1758 2802 504),

264 2826 331 2863 scd
365 2827 482 2862 etiam
515 2826 884 2874 monosyllabarum,
916 2830 961 2863 ut
990 2826 1098 2862 Asin.
1137 2827 1232 2862 118:
1272 2838 1374 2874 „quo
1406 2822 1495 2871 ab“,
1531 2824 1630 2860 394:
1668 2823 1760 2872 „qui

264 2892 378 2944 pro“,
427 2894 506 2929 758
554 2897 592 2929 et
630 2892 746 2942 Epid.
791 2894 887 2929 172:
940 2906 1042 2942 „quo
1083 2891 1167 2939 ex“,
1216 2892 1343 2929 Casin.
1389 2893 1486 2929 170:
1539 2904 1640 2940 „qua
1677 2888 1759 2936 in“,
