<?xml version="1.0" encoding="UTF-8"?>
<!DOCTYPE html PUBLIC "-//W3C//DTD XHTML 1.0 Transitional//EN"
    "http://www.w3.org/TR/xhtml1/DTD/xhtml1-transitional.dtd">
<html xmlns="http://www.w3.org/1999/xhtml" xml:lang="en" lang="en">
 <head>
  <title>
</title>
<meta http-equiv="Content-Type" content="text/html;charset=utf-8" />
  <meta name='ocr-system' content='tesseract 3.04.00' />
  <meta name='ocr-capabilities' content='ocr_page ocr_carea ocr_par ocr_line ocrx_word'/>
</head>
<body>
  <div class='ocr_page' id='page_1' title='image "./comoediaerecensv01plauuoft_0159.png"; bbox 0 0 1926 3275; ppageno 0'>
   <div class='ocr_carea' id='block_1_1' title="bbox 850 970 890 1021">
    <p class='ocr_par' dir='ltr' id='par_1_1' title="bbox 850 970 890 1021">
     <span class='ocr_line' id='line_1_1' title="bbox 850 970 890 1021; baseline 0 0"><span class='ocrx_word' id='word_1_1' title='bbox 850 970 890 1021; x_wconf 87' lang='grc' dir='ltr'>Ι.</span> 
     </span>
    </p>
   </div>
   <div class='ocr_carea' id='block_1_2' title="bbox 562 1085 1178 1147">
    <p class='ocr_par' dir='ltr' id='par_1_2' title="bbox 562 1085 1178 1147">
     <span class='ocr_line' id='line_1_2' title="bbox 562 1085 1178 1147; baseline 0 -14"><span class='ocrx_word' id='word_1_2' title='bbox 562 1085 620 1133; x_wconf 87' lang='lat' dir='ltr'>De</span> <span class='ocrx_word' id='word_1_3' title='bbox 659 1085 788 1133; x_wconf 74' lang='lat' dir='ltr'>Plauti</span> <span class='ocrx_word' id='word_1_4' title='bbox 829 1090 965 1147; x_wconf 82' lang='lat' dir='ltr'>poetae</span> <span class='ocrx_word' id='word_1_5' title='bbox 1005 1086 1178 1134; x_wconf 78' lang='lat' dir='ltr'>nomine.</span> 
     </span>
    </p>
   </div>
   <div class='ocr_carea' id='block_1_3' title="bbox 802 1199 938 1204">
    <p class='ocr_par' dir='ltr' id='par_1_3' title="bbox 802 1199 938 1204">
     <span class='ocr_line' id='line_1_3' title="bbox 802 1199 938 1204; baseline 0 0"><span class='ocrx_word' id='word_1_6' title='bbox 802 1199 938 1204; x_wconf 95' lang='lat' dir='ltr'> </span> 
     </span>
    </p>
   </div>
   <div class='ocr_carea' id='block_1_4' title="bbox 114 1258 1628 2869">
    <p class='ocr_par' dir='ltr' id='par_1_4' title="bbox 114 1258 1627 2665">
     <span class='ocr_line' id='line_1_4' title="bbox 227 1258 1624 1309; baseline 0.001 -14"><span class='ocrx_word' id='word_1_7' title='bbox 227 1258 394 1296; x_wconf 85' lang='lat' dir='ltr'>Plautus</span> <span class='ocrx_word' id='word_1_8' title='bbox 436 1262 574 1309; x_wconf 87' lang='lat' dir='ltr'>poeta,</span> <span class='ocrx_word' id='word_1_9' title='bbox 622 1271 740 1308; x_wconf 91' lang='lat' dir='ltr'>quem</span> <span class='ocrx_word' id='word_1_10' title='bbox 784 1258 859 1296; x_wconf 91' lang='lat' dir='ltr'>hoc</span> <span class='ocrx_word' id='word_1_11' title='bbox 903 1272 982 1296; x_wconf 93' lang='lat' dir='ltr'>uno</span> <span class='ocrx_word' id='word_1_12' title='bbox 1026 1259 1186 1296; x_wconf 91' lang='lat' dir='ltr'>nomine</span> <span class='ocrx_word' id='word_1_13' title='bbox 1229 1260 1268 1294; x_wconf 89' lang='lat' dir='ltr'>et</span> <span class='ocrx_word' id='word_1_14' title='bbox 1306 1272 1379 1296; x_wconf 91' lang='lat' dir='ltr'>nos</span> <span class='ocrx_word' id='word_1_15' title='bbox 1420 1259 1624 1309; x_wconf 88' lang='lat' dir='ltr'>appellare</span> 
     </span>
     <span class='ocr_line' id='line_1_5' title="bbox 114 1326 1624 1377; baseline 0 -13"><span class='ocrx_word' id='word_1_16' title='bbox 114 1327 285 1365; x_wconf 89' lang='lat' dir='ltr'>solemus</span> <span class='ocrx_word' id='word_1_17' title='bbox 330 1330 370 1363; x_wconf 91' lang='lat' dir='ltr'>et</span> <span class='ocrx_word' id='word_1_18' title='bbox 415 1327 570 1376; x_wconf 77' lang='lat' dir='ltr'>antiqui</span> <span class='ocrx_word' id='word_1_19' title='bbox 613 1327 848 1376; x_wconf 86' lang='lat' dir='ltr'>plerumque</span> <span class='ocrx_word' id='word_1_20' title='bbox 894 1326 1169 1377; x_wconf 70' lang='lat' dir='ltr'>appellabant,</span> <span class='ocrx_word' id='word_1_21' title='bbox 1213 1339 1300 1376; x_wconf 81' lang='lat' dir='ltr'>quae</span> <span class='ocrx_word' id='word_1_22' title='bbox 1342 1326 1419 1363; x_wconf 88' lang='lat' dir='ltr'>alia</span> <span class='ocrx_word' id='word_1_23' title='bbox 1464 1328 1624 1364; x_wconf 88' lang='lat' dir='ltr'>nomina</span> 
     </span>
     <span class='ocr_line' id='line_1_6' title="bbox 114 1393 1624 1442; baseline -0.001 -10"><span class='ocrx_word' id='word_1_24' title='bbox 114 1395 313 1442; x_wconf 75' lang='lat' dir='ltr'>habuerit,</span> <span class='ocrx_word' id='word_1_25' title='bbox 346 1394 414 1432; x_wconf 80' lang='lat' dir='ltr'>diu</span> <span class='ocrx_word' id='word_1_26' title='bbox 445 1393 670 1431; x_wconf 74' lang='lat' dir='ltr'>dubitatum</span> <span class='ocrx_word' id='word_1_27' title='bbox 702 1396 773 1441; x_wconf 87' lang='lat' dir='ltr'>est,</span> <span class='ocrx_word' id='word_1_28' title='bbox 806 1407 878 1432; x_wconf 88' lang='lat' dir='ltr'>nec</span> <span class='ocrx_word' id='word_1_29' title='bbox 909 1395 992 1431; x_wconf 89' lang='lat' dir='ltr'>sine</span> <span class='ocrx_word' id='word_1_30' title='bbox 1025 1407 1154 1432; x_wconf 88' lang='lat' dir='ltr'>causa.</span> <span class='ocrx_word' id='word_1_31' title='bbox 1194 1394 1318 1432; x_wconf 75' lang='lat' dir='ltr'>&#39;Nam</span> <span class='ocrx_word' id='word_1_32' title='bbox 1350 1395 1391 1430; x_wconf 90' lang='lat' dir='ltr'>in</span> <span class='ocrx_word' id='word_1_33' title='bbox 1423 1394 1624 1431; x_wconf 82' lang='lat' dir='ltr'>codicibus</span> 
     </span>
     <span class='ocr_line' id='line_1_7' title="bbox 114 1459 1622 1512; baseline -0.001 -13"><span class='ocrx_word' id='word_1_34' title='bbox 114 1462 310 1500; x_wconf 77' lang='lat' dir='ltr'>Plautinis</span> <span class='ocrx_word' id='word_1_35' title='bbox 346 1462 447 1499; x_wconf 90' lang='lat' dir='ltr'>nihil</span> <span class='ocrx_word' id='word_1_36' title='bbox 483 1461 594 1499; x_wconf 91' lang='lat' dir='ltr'>aliud</span> <span class='ocrx_word' id='word_1_37' title='bbox 629 1463 906 1512; x_wconf 77' lang='lat' dir='ltr'>praescriptum</span> <span class='ocrx_word' id='word_1_38' title='bbox 945 1465 1004 1499; x_wconf 89' lang='lat' dir='ltr'>est</span> <span class='ocrx_word' id='word_1_39' title='bbox 1042 1475 1161 1512; x_wconf 90' lang='lat' dir='ltr'>quam</span> <span class='ocrx_word' id='word_1_40' title='bbox 1197 1462 1352 1509; x_wconf 86' lang='lat' dir='ltr'>„Plauti</span> <span class='ocrx_word' id='word_1_41' title='bbox 1382 1459 1622 1508; x_wconf 73' lang='lat' dir='ltr'>comoediae“,</span> 
     </span>
     <span class='ocr_line' id='line_1_8' title="bbox 115 1529 1622 1580; baseline 0 -13"><span class='ocrx_word' id='word_1_42' title='bbox 115 1530 360 1580; x_wconf 83' lang='lat' dir='ltr'>eandemque</span> <span class='ocrx_word' id='word_1_43' title='bbox 398 1531 699 1580; x_wconf 89' lang='lat' dir='ltr'>simplicitatem</span> <span class='ocrx_word' id='word_1_44' title='bbox 747 1530 1033 1580; x_wconf 78' lang='lat' dir='ltr'>antiquissimae</span> <span class='ocrx_word' id='word_1_45' title='bbox 1080 1529 1277 1567; x_wconf 84' lang='lat' dir='ltr'>editiones</span> <span class='ocrx_word' id='word_1_46' title='bbox 1322 1533 1466 1567; x_wconf 72' lang='lat' dir='ltr'>secutae</span> <span class='ocrx_word' id='word_1_47' title='bbox 1513 1533 1622 1575; x_wconf 81' lang='lat' dir='ltr'>sunt3</span> 
     </span>
     <span class='ocr_line' id='line_1_9' title="bbox 117 1597 1625 1648; baseline -0.001 -12"><span class='ocrx_word' id='word_1_48' title='bbox 117 1597 187 1636; x_wconf 84' lang='lat' dir='ltr'>sed</span> <span class='ocrx_word' id='word_1_49' title='bbox 219 1612 339 1648; x_wconf 90' lang='lat' dir='ltr'>quum</span> <span class='ocrx_word' id='word_1_50' title='bbox 369 1599 445 1636; x_wconf 86' lang='lat' dir='ltr'>viri</span> <span class='ocrx_word' id='word_1_51' title='bbox 476 1598 583 1636; x_wconf 88' lang='lat' dir='ltr'>docti</span> <span class='ocrx_word' id='word_1_52' title='bbox 614 1611 662 1635; x_wconf 81' lang='lat' dir='ltr'>ex</span> <span class='ocrx_word' id='word_1_53' title='bbox 691 1597 822 1635; x_wconf 87' lang='lat' dir='ltr'>Plinio</span> <span class='ocrx_word' id='word_1_54' title='bbox 853 1600 893 1635; x_wconf 91' lang='lat' dir='ltr'>et</span> <span class='ocrx_word' id='word_1_55' title='bbox 922 1598 1044 1636; x_wconf 90' lang='lat' dir='ltr'>Festo</span> <span class='ocrx_word' id='word_1_56' title='bbox 1081 1598 1278 1646; x_wconf 86' lang='lat' dir='ltr'>integrum</span> <span class='ocrx_word' id='word_1_57' title='bbox 1316 1601 1445 1647; x_wconf 84' lang='lat' dir='ltr'>poetae</span> <span class='ocrx_word' id='word_1_58' title='bbox 1483 1611 1625 1634; x_wconf 88' lang='lat' dir='ltr'>nomen</span> 
     </span>
     <span class='ocr_line' id='line_1_10' title="bbox 116 1664 1627 1717; baseline 0 -15"><span class='ocrx_word' id='word_1_59' title='bbox 116 1665 193 1703; x_wconf 83' lang='lat' dir='ltr'>sibi</span> <span class='ocrx_word' id='word_1_60' title='bbox 223 1667 372 1704; x_wconf 88' lang='lat' dir='ltr'>eruisse</span> <span class='ocrx_word' id='word_1_61' title='bbox 402 1667 477 1703; x_wconf 87' lang='lat' dir='ltr'>visi</span> <span class='ocrx_word' id='word_1_62' title='bbox 508 1668 655 1714; x_wconf 83' lang='lat' dir='ltr'>essent,</span> <span class='ocrx_word' id='word_1_63' title='bbox 688 1667 861 1717; x_wconf 84' lang='lat' dir='ltr'>primum</span> <span class='ocrx_word' id='word_1_64' title='bbox 892 1666 951 1703; x_wconf 90' lang='lat' dir='ltr'>ed.</span> <span class='ocrx_word' id='word_1_65' title='bbox 978 1665 1163 1703; x_wconf 84' lang='lat' dir='ltr'>Saraceni</span> <span class='ocrx_word' id='word_1_66' title='bbox 1198 1664 1391 1713; x_wconf 88' lang='lat' dir='ltr'>(Venetiis</span> <span class='ocrx_word' id='word_1_67' title='bbox 1427 1664 1552 1713; x_wconf 77' lang='lat'>1499)</span> <span class='ocrx_word' id='word_1_68' title='bbox 1587 1668 1627 1702; x_wconf 93' lang='lat' dir='ltr'>et</span> 
     </span>
     <span class='ocr_line' id='line_1_11' title="bbox 116 1731 1624 1782; baseline 0 -12"><span class='ocrx_word' id='word_1_69' title='bbox 116 1733 179 1771; x_wconf 91' lang='lat' dir='ltr'>Pii</span> <span class='ocrx_word' id='word_1_70' title='bbox 218 1731 453 1781; x_wconf 86' lang='lat' dir='ltr'>(Mediolani</span> <span class='ocrx_word' id='word_1_71' title='bbox 495 1732 644 1782; x_wconf 81' lang='lat'>1500),</span> <span class='ocrx_word' id='word_1_72' title='bbox 692 1734 835 1772; x_wconf 91' lang='lat' dir='ltr'>deinde</span> <span class='ocrx_word' id='word_1_73' title='bbox 881 1736 1020 1771; x_wconf 87' lang='lat' dir='ltr'>ceterae</span> <span class='ocrx_word' id='word_1_74' title='bbox 1059 1734 1114 1771; x_wconf 90' lang='lat' dir='ltr'>M.</span> <span class='ocrx_word' id='word_1_75' title='bbox 1154 1734 1352 1771; x_wconf 85' lang='lat' dir='ltr'>Accium</span> <span class='ocrx_word' id='word_1_76' title='bbox 1391 1733 1624 1770; x_wconf 89' lang='lat' dir='ltr'>Plautum</span> 
     </span>
     <span class='ocr_line' id='line_1_12' title="bbox 117 1801 1624 1852; baseline -0.001 -13"><span class='ocrx_word' id='word_1_77' title='bbox 117 1801 382 1852; x_wconf 87' lang='lat' dir='ltr'>usurpabant;</span> <span class='ocrx_word' id='word_1_78' title='bbox 412 1801 534 1852; x_wconf 89' lang='lat' dir='ltr'>idque</span> <span class='ocrx_word' id='word_1_79' title='bbox 564 1816 637 1852; x_wconf 89' lang='lat' dir='ltr'>per</span> <span class='ocrx_word' id='word_1_80' title='bbox 666 1803 747 1840; x_wconf 81' lang='lat' dir='ltr'>tria</span> <span class='ocrx_word' id='word_1_81' title='bbox 777 1802 920 1840; x_wconf 80' lang='lat' dir='ltr'>saecula</span> <span class='ocrx_word' id='word_1_82' title='bbox 950 1804 991 1839; x_wconf 90' lang='lat' dir='ltr'>et</span> <span class='ocrx_word' id='word_1_83' title='bbox 1021 1801 1231 1838; x_wconf 90' lang='lat' dir='ltr'>dimidium</span> <span class='ocrx_word' id='word_1_84' title='bbox 1263 1815 1397 1839; x_wconf 89' lang='lat' dir='ltr'>omnes</span> <span class='ocrx_word' id='word_1_85' title='bbox 1429 1801 1624 1838; x_wconf 82' lang='lat' dir='ltr'>editiones</span> 
     </span>
     <span class='ocr_line' id='line_1_13' title="bbox 118 1869 1624 1920; baseline -0.001 -13"><span class='ocrx_word' id='word_1_86' title='bbox 118 1870 309 1917; x_wconf 89' lang='lat' dir='ltr'>obtinuit,</span> <span class='ocrx_word' id='word_1_87' title='bbox 347 1870 440 1907; x_wconf 87' lang='lat' dir='ltr'>dum</span> <span class='ocrx_word' id='word_1_88' title='bbox 470 1870 713 1907; x_wconf 87' lang='lat' dir='ltr'>Ritschelius</span> <span class='ocrx_word' id='word_1_89' title='bbox 752 1871 793 1907; x_wconf 88' lang='lat' dir='ltr'>in</span> <span class='ocrx_word' id='word_1_90' title='bbox 830 1870 1091 1920; x_wconf 86' lang='lat' dir='ltr'>palimpsesto</span> <span class='ocrx_word' id='word_1_91' title='bbox 1123 1870 1388 1906; x_wconf 87' lang='lat' dir='ltr'>Ambrosiano</span> <span class='ocrx_word' id='word_1_92' title='bbox 1421 1869 1464 1906; x_wconf 91' lang='lat' dir='ltr'>T.</span> <span class='ocrx_word' id='word_1_93' title='bbox 1497 1869 1624 1906; x_wconf 86' lang='lat' dir='ltr'>Mac-</span> 
     </span>
     <span class='ocr_line' id='line_1_14' title="bbox 119 1937 1624 1987; baseline -0.001 -12"><span class='ocrx_word' id='word_1_94' title='bbox 119 1939 245 1975; x_wconf 89' lang='lat' dir='ltr'>cium</span> <span class='ocrx_word' id='word_1_95' title='bbox 274 1938 507 1975; x_wconf 88' lang='lat' dir='ltr'>Plautum</span> <span class='ocrx_word' id='word_1_96' title='bbox 537 1938 618 1986; x_wconf 86' lang='lat' dir='ltr'>legi</span> <span class='ocrx_word' id='word_1_97' title='bbox 650 1938 807 1984; x_wconf 83' lang='lat' dir='ltr'>docuit,</span> <span class='ocrx_word' id='word_1_98' title='bbox 840 1937 962 1987; x_wconf 88' lang='lat' dir='ltr'>idque</span> <span class='ocrx_word' id='word_1_99' title='bbox 993 1951 1114 1987; x_wconf 84' lang='lat' dir='ltr'>quum</span> <span class='ocrx_word' id='word_1_100' title='bbox 1145 1939 1185 1974; x_wconf 91' lang='lat' dir='ltr'>in</span> <span class='ocrx_word' id='word_1_101' title='bbox 1216 1937 1399 1985; x_wconf 78' lang='lat' dir='ltr'>Parergis</span> <span class='ocrx_word' id='word_1_102' title='bbox 1430 1937 1624 1974; x_wconf 86' lang='lat' dir='ltr'>Plautinis</span> 
     </span>
     <span class='ocr_line' id='line_1_15' title="bbox 117 2003 1626 2055; baseline -0.001 -13"><span class='ocrx_word' id='word_1_103' title='bbox 117 2005 448 2055; x_wconf 90' lang='lat' dir='ltr'>Terentianisque</span> <span class='ocrx_word' id='word_1_104' title='bbox 481 2003 628 2053; x_wconf 78' lang='lat'>(1845)</span> <span class='ocrx_word' id='word_1_105' title='bbox 661 2019 799 2043; x_wconf 86' lang='lat' dir='ltr'>verum</span> <span class='ocrx_word' id='word_1_106' title='bbox 821 2018 963 2042; x_wconf 90' lang='lat' dir='ltr'>nomen</span> <span class='ocrx_word' id='word_1_107' title='bbox 986 2018 1072 2042; x_wconf 89' lang='lat' dir='ltr'>esse</span> <span class='ocrx_word' id='word_1_108' title='bbox 1096 2005 1260 2055; x_wconf 85' lang='lat' dir='ltr'>probari</span> <span class='ocrx_word' id='word_1_109' title='bbox 1285 2004 1514 2050; x_wconf 87' lang='lat' dir='ltr'>studuisset,</span> <span class='ocrx_word' id='word_1_110' title='bbox 1547 2016 1626 2041; x_wconf 87' lang='lat' dir='ltr'>suae</span> 
     </span>
     <span class='ocr_line' id='line_1_16' title="bbox 119 2071 1625 2123; baseline -0.002 -13"><span class='ocrx_word' id='word_1_111' title='bbox 119 2073 284 2110; x_wconf 74' lang='lat' dir='ltr'>editioni</span> <span class='ocrx_word' id='word_1_112' title='bbox 314 2075 546 2123; x_wconf 76' lang='lat' dir='ltr'>praeposuit.</span> <span class='ocrx_word' id='word_1_113' title='bbox 605 2073 738 2112; x_wconf 89' lang='lat' dir='ltr'>Secuti</span> <span class='ocrx_word' id='word_1_114' title='bbox 769 2077 862 2111; x_wconf 89' lang='lat' dir='ltr'>sunt</span> <span class='ocrx_word' id='word_1_115' title='bbox 890 2074 1134 2111; x_wconf 86' lang='lat' dir='ltr'>recentiores</span> <span class='ocrx_word' id='word_1_116' title='bbox 1164 2074 1246 2110; x_wconf 88' lang='lat' dir='ltr'>fere</span> <span class='ocrx_word' id='word_1_117' title='bbox 1279 2085 1427 2110; x_wconf 87' lang='lat' dir='ltr'>omnes.</span> <span class='ocrx_word' id='word_1_118' title='bbox 1473 2071 1625 2108; x_wconf 85' lang='lat' dir='ltr'>Adver-</span> 
     </span>
     <span class='ocr_line' id='line_1_17' title="bbox 119 2139 1625 2191; baseline -0.002 -13"><span class='ocrx_word' id='word_1_119' title='bbox 119 2145 228 2179; x_wconf 87' lang='lat' dir='ltr'>satus</span> <span class='ocrx_word' id='word_1_120' title='bbox 268 2144 327 2179; x_wconf 88' lang='lat' dir='ltr'>est</span> <span class='ocrx_word' id='word_1_121' title='bbox 363 2140 591 2191; x_wconf 85' lang='lat' dir='ltr'>Geppertus</span> <span class='ocrx_word' id='word_1_122' title='bbox 631 2143 672 2178; x_wconf 91' lang='lat' dir='ltr'>in</span> <span class='ocrx_word' id='word_1_123' title='bbox 709 2141 845 2179; x_wconf 87' lang='lat' dir='ltr'>Jahnii</span> <span class='ocrx_word' id='word_1_124' title='bbox 875 2140 1061 2178; x_wconf 88' lang='lat' dir='ltr'>Annalib.</span> <span class='ocrx_word' id='word_1_125' title='bbox 1100 2140 1238 2190; x_wconf 88' lang='lat' dir='ltr'>philol.</span> <span class='ocrx_word' id='word_1_126' title='bbox 1282 2143 1321 2177; x_wconf 91' lang='lat' dir='ltr'>et</span> <span class='ocrx_word' id='word_1_127' title='bbox 1355 2139 1509 2189; x_wconf 83' lang='lat' dir='ltr'>paedog.</span> <span class='ocrx_word' id='word_1_128' title='bbox 1548 2139 1625 2176; x_wconf 86' lang='lat' dir='ltr'>vol.</span> 
     </span>
     <span class='ocr_line' id='line_1_18' title="bbox 119 2206 1624 2259; baseline -0.002 -13"><span class='ocrx_word' id='word_1_129' title='bbox 119 2209 381 2259; x_wconf 89' lang='lat' dir='ltr'>supplement.</span> <span class='ocrx_word' id='word_1_130' title='bbox 413 2208 510 2245; x_wconf 89' lang='lat' dir='ltr'>XIX</span> <span class='ocrx_word' id='word_1_131' title='bbox 543 2206 688 2256; x_wconf 78' lang='lat'>(1853)</span> <span class='ocrx_word' id='word_1_132' title='bbox 722 2222 761 2259; x_wconf 89' lang='lat' dir='ltr'>p.</span> <span class='ocrx_word' id='word_1_133' title='bbox 796 2209 876 2246; x_wconf 76' lang='lat'>262</span> <span class='ocrx_word' id='word_1_134' title='bbox 909 2222 994 2258; x_wconf 90' lang='lat' dir='ltr'>sqq.</span> <span class='ocrx_word' id='word_1_135' title='bbox 1028 2212 1067 2246; x_wconf 91' lang='lat' dir='ltr'>et</span> <span class='ocrx_word' id='word_1_136' title='bbox 1098 2208 1326 2246; x_wconf 86' lang='lat' dir='ltr'>Vallaurius</span> <span class='ocrx_word' id='word_1_137' title='bbox 1357 2207 1624 2253; x_wconf 87' lang='lat' dir='ltr'>Taurinensis,</span> 
     </span>
     <span class='ocr_line' id='line_1_19' title="bbox 119 2275 1626 2327; baseline -0.001 -14"><span class='ocrx_word' id='word_1_138' title='bbox 119 2290 318 2327; x_wconf 88' lang='lat' dir='ltr'>quumque</span> <span class='ocrx_word' id='word_1_139' title='bbox 347 2289 505 2313; x_wconf 86' lang='lat' dir='ltr'>causam</span> <span class='ocrx_word' id='word_1_140' title='bbox 522 2276 730 2314; x_wconf 88' lang='lat' dir='ltr'>Ritschelii</span> <span class='ocrx_word' id='word_1_141' title='bbox 762 2280 922 2314; x_wconf 85' lang='lat' dir='ltr'>strenue</span> <span class='ocrx_word' id='word_1_142' title='bbox 953 2277 1097 2326; x_wconf 84' lang='lat' dir='ltr'>egisset</span> <span class='ocrx_word' id='word_1_143' title='bbox 1111 2276 1311 2313; x_wconf 85' lang='lat' dir='ltr'>Martinus</span> <span class='ocrx_word' id='word_1_144' title='bbox 1328 2275 1515 2312; x_wconf 87' lang='lat' dir='ltr'>Hertzius</span> <span class='ocrx_word' id='word_1_145' title='bbox 1545 2275 1626 2325; x_wconf 91' lang='lat' dir='ltr'>pri-</span> 
     </span>
     <span class='ocr_line' id='line_1_20' title="bbox 119 2343 1624 2393; baseline -0.001 -11"><span class='ocrx_word' id='word_1_146' title='bbox 119 2358 226 2382; x_wconf 89' lang='lat' dir='ltr'>mum</span> <span class='ocrx_word' id='word_1_147' title='bbox 264 2345 306 2381; x_wconf 85' lang='lat' dir='ltr'>in</span> <span class='ocrx_word' id='word_1_148' title='bbox 343 2343 498 2390; x_wconf 89' lang='lat' dir='ltr'>libello,</span> <span class='ocrx_word' id='word_1_149' title='bbox 531 2345 600 2393; x_wconf 89' lang='lat' dir='ltr'>qui</span> <span class='ocrx_word' id='word_1_150' title='bbox 637 2344 871 2381; x_wconf 87' lang='lat' dir='ltr'>inscribitur</span> <span class='ocrx_word' id='word_1_151' title='bbox 915 2344 982 2391; x_wconf 86' lang='lat' dir='ltr'>„T.</span> <span class='ocrx_word' id='word_1_152' title='bbox 1015 2343 1190 2381; x_wconf 87' lang='lat' dir='ltr'>Maccius</span> <span class='ocrx_word' id='word_1_153' title='bbox 1228 2344 1396 2381; x_wconf 82' lang='lat' dir='ltr'>Plautus</span> <span class='ocrx_word' id='word_1_154' title='bbox 1436 2344 1532 2381; x_wconf 89' lang='lat' dir='ltr'>oder</span> <span class='ocrx_word' id='word_1_155' title='bbox 1569 2343 1624 2380; x_wconf 88' lang='lat' dir='ltr'>M.</span> 
     </span>
     <span class='ocr_line' id='line_1_21' title="bbox 119 2409 1626 2457; baseline -0.001 -7"><span class='ocrx_word' id='word_1_156' title='bbox 119 2413 262 2450; x_wconf 87' lang='lat' dir='ltr'>Accius</span> <span class='ocrx_word' id='word_1_157' title='bbox 302 2409 507 2457; x_wconf 79' lang='lat' dir='ltr'>Plautus“,</span> <span class='ocrx_word' id='word_1_158' title='bbox 557 2411 698 2449; x_wconf 88' lang='lat' dir='ltr'>deinde</span> <span class='ocrx_word' id='word_1_159' title='bbox 745 2412 787 2448; x_wconf 88' lang='lat' dir='ltr'>in</span> <span class='ocrx_word' id='word_1_160' title='bbox 828 2411 964 2449; x_wconf 88' lang='lat' dir='ltr'>Indice</span> <span class='ocrx_word' id='word_1_161' title='bbox 1003 2412 1216 2449; x_wconf 89' lang='lat' dir='ltr'>lectionum</span> <span class='ocrx_word' id='word_1_162' title='bbox 1254 2411 1626 2449; x_wconf 81' lang='lat' dir='ltr'>Vratislaviensium</span> 
     </span>
     <span class='ocr_line' id='line_1_22' title="bbox 121 2478 1626 2529; baseline -0.001 -12"><span class='ocrx_word' id='word_1_163' title='bbox 121 2481 214 2518; x_wconf 85' lang='lat' dir='ltr'>anni</span> <span class='ocrx_word' id='word_1_164' title='bbox 249 2479 481 2525; x_wconf 77' lang='grc'>1867-68,</span> <span class='ocrx_word' id='word_1_165' title='bbox 515 2478 740 2529; x_wconf 89' lang='lat' dir='ltr'>Geppertus</span> <span class='ocrx_word' id='word_1_166' title='bbox 776 2479 903 2516; x_wconf 91' lang='lat' dir='ltr'>denuo</span> <span class='ocrx_word' id='word_1_167' title='bbox 937 2483 1171 2527; x_wconf 84' lang='lat' dir='ltr'>argumenta</span> <span class='ocrx_word' id='word_1_168' title='bbox 1201 2493 1271 2516; x_wconf 83' lang='lat' dir='ltr'>sua</span> <span class='ocrx_word' id='word_1_169' title='bbox 1301 2479 1479 2516; x_wconf 87' lang='lat' dir='ltr'>breviter</span> <span class='ocrx_word' id='word_1_170' title='bbox 1510 2492 1626 2529; x_wconf 82' lang='lat' dir='ltr'>expo-</span> 
     </span>
     <span class='ocr_line' id='line_1_23' title="bbox 122 2544 1627 2597; baseline -0.001 -12"><span class='ocrx_word' id='word_1_171' title='bbox 122 2549 203 2585; x_wconf 86' lang='lat' dir='ltr'>suit</span> <span class='ocrx_word' id='word_1_172' title='bbox 233 2549 274 2584; x_wconf 92' lang='lat' dir='ltr'>in</span> <span class='ocrx_word' id='word_1_173' title='bbox 310 2546 603 2594; x_wconf 84' lang='lat' dir='ltr'>„Plautinische</span> <span class='ocrx_word' id='word_1_174' title='bbox 634 2546 822 2584; x_wconf 81' lang='lat' dir='ltr'>Studien“</span> <span class='ocrx_word' id='word_1_175' title='bbox 858 2547 887 2594; x_wconf 90' lang='lat' dir='ltr'>I,</span> <span class='ocrx_word' id='word_1_176' title='bbox 919 2561 958 2597; x_wconf 93' lang='lat' dir='ltr'>p.</span> <span class='ocrx_word' id='word_1_177' title='bbox 996 2549 1042 2584; x_wconf 93' lang='grc'>11</span> <span class='ocrx_word' id='word_1_178' title='bbox 1077 2561 1163 2597; x_wconf 90' lang='lat' dir='ltr'>sqq.</span> <span class='ocrx_word' id='word_1_179' title='bbox 1199 2544 1359 2595; x_wconf 75' lang='lat'>(1870).</span> <span class='ocrx_word' id='word_1_180' title='bbox 1413 2547 1627 2584; x_wconf 85' lang='lat' dir='ltr'>Videamus</span> 
     </span>
     <span class='ocr_line' id='line_1_24' title="bbox 121 2614 1330 2665; baseline 0.001 -14"><span class='ocrx_word' id='word_1_181' title='bbox 121 2616 256 2663; x_wconf 85' lang='lat' dir='ltr'>igitur,</span> <span class='ocrx_word' id='word_1_182' title='bbox 291 2614 434 2664; x_wconf 88' lang='lat' dir='ltr'>quibus</span> <span class='ocrx_word' id='word_1_183' title='bbox 465 2617 634 2664; x_wconf 82' lang='lat' dir='ltr'>utraque</span> <span class='ocrx_word' id='word_1_184' title='bbox 667 2615 866 2652; x_wconf 89' lang='lat' dir='ltr'>sententia</span> <span class='ocrx_word' id='word_1_185' title='bbox 896 2616 1047 2652; x_wconf 83' lang='lat' dir='ltr'>nitatur</span> <span class='ocrx_word' id='word_1_186' title='bbox 1077 2616 1330 2665; x_wconf 85' lang='lat' dir='ltr'>argumentis.</span> 
     </span>
    </p>

    <p class='ocr_par' dir='ltr' id='par_1_5' title="bbox 121 2681 1628 2869">
     <span class='ocr_line' id='line_1_25' title="bbox 235 2681 1625 2734; baseline 0.001 -15"><span class='ocrx_word' id='word_1_187' title='bbox 235 2682 281 2719; x_wconf 87' lang='lat' dir='ltr'>In</span> <span class='ocrx_word' id='word_1_188' title='bbox 313 2683 486 2732; x_wconf 85' lang='lat' dir='ltr'>epitome</span> <span class='ocrx_word' id='word_1_189' title='bbox 517 2681 646 2730; x_wconf 88' lang='lat' dir='ltr'>Festi,</span> <span class='ocrx_word' id='word_1_190' title='bbox 677 2696 717 2733; x_wconf 93' lang='lat' dir='ltr'>p.</span> <span class='ocrx_word' id='word_1_191' title='bbox 752 2684 832 2721; x_wconf 76' lang='lat'>230</span> <span class='ocrx_word' id='word_1_192' title='bbox 864 2683 940 2730; x_wconf 88' lang='lat' dir='ltr'>M.,</span> <span class='ocrx_word' id='word_1_193' title='bbox 972 2683 1054 2721; x_wconf 78' lang='lat' dir='ltr'>haec</span> <span class='ocrx_word' id='word_1_194' title='bbox 1084 2683 1287 2734; x_wconf 84' lang='lat' dir='ltr'>leguntur:</span> <span class='ocrx_word' id='word_1_195' title='bbox 1331 2683 1461 2730; x_wconf 88' lang='lat' dir='ltr'>„Ploti</span> <span class='ocrx_word' id='word_1_196' title='bbox 1493 2683 1625 2733; x_wconf 87' lang='lat' dir='ltr'>appel-</span> 
     </span>
     <span class='ocr_line' id='line_1_26' title="bbox 121 2750 1628 2801; baseline 0 -14"><span class='ocrx_word' id='word_1_197' title='bbox 121 2750 274 2797; x_wconf 85' lang='lat' dir='ltr'>lantur,</span> <span class='ocrx_word' id='word_1_198' title='bbox 315 2751 382 2800; x_wconf 92' lang='lat' dir='ltr'>qui</span> <span class='ocrx_word' id='word_1_199' title='bbox 420 2752 510 2787; x_wconf 89' lang='lat' dir='ltr'>sunt</span> <span class='ocrx_word' id='word_1_200' title='bbox 549 2750 679 2800; x_wconf 88' lang='lat' dir='ltr'>planis</span> <span class='ocrx_word' id='word_1_201' title='bbox 720 2751 906 2801; x_wconf 83' lang='lat' dir='ltr'>pedibus,</span> <span class='ocrx_word' id='word_1_202' title='bbox 946 2751 1051 2789; x_wconf 89' lang='lat' dir='ltr'>unde</span> <span class='ocrx_word' id='word_1_203' title='bbox 1091 2756 1130 2788; x_wconf 89' lang='lat' dir='ltr'>et</span> <span class='ocrx_word' id='word_1_204' title='bbox 1170 2755 1291 2801; x_wconf 74' lang='lat' dir='ltr'>poeta</span> <span class='ocrx_word' id='word_1_205' title='bbox 1330 2751 1491 2797; x_wconf 87' lang='lat' dir='ltr'>Accius,</span> <span class='ocrx_word' id='word_1_206' title='bbox 1535 2752 1628 2801; x_wconf 85' lang='lat' dir='ltr'>quia</span> 
     </span>
     <span class='ocr_line' id='line_1_27' title="bbox 122 2817 1627 2869; baseline 0.001 -14"><span class='ocrx_word' id='word_1_207' title='bbox 122 2817 271 2856; x_wconf 89' lang='lat' dir='ltr'>Umber</span> <span class='ocrx_word' id='word_1_208' title='bbox 309 2817 485 2855; x_wconf 79' lang='lat' dir='ltr'>Sarsinas</span> <span class='ocrx_word' id='word_1_209' title='bbox 528 2821 632 2864; x_wconf 88' lang='lat' dir='ltr'>erat,</span> <span class='ocrx_word' id='word_1_210' title='bbox 680 2832 701 2855; x_wconf 86' lang='lat' dir='ltr'>a</span> <span class='ocrx_word' id='word_1_211' title='bbox 746 2819 888 2868; x_wconf 87' lang='lat' dir='ltr'>pedum</span> <span class='ocrx_word' id='word_1_212' title='bbox 930 2819 1097 2869; x_wconf 85' lang='lat' dir='ltr'>planitie</span> <span class='ocrx_word' id='word_1_213' title='bbox 1136 2820 1249 2856; x_wconf 89' lang='lat' dir='ltr'>initio</span> <span class='ocrx_word' id='word_1_214' title='bbox 1288 2819 1447 2865; x_wconf 88' lang='lat' dir='ltr'>Plotus,</span> <span class='ocrx_word' id='word_1_215' title='bbox 1488 2823 1627 2869; x_wconf 87' lang='lat' dir='ltr'>postea</span> 
     </span>
    </p>
   </div>
  </div>
 </body>
</html>
