1926 3275
321 348 399 386 176
927 340 1204 384 Prolegomena.

317 474 431 522 lyrici
481 472 737 517 indulserint,
793 470 882 506 aliis
935 467 1255 517 investigandum
1309 466 1588 515 relinquimus3
1641 466 1816 503 scenicos

316 545 455 591 poetas
487 554 508 577 a
538 540 610 576 tali
640 539 803 575 licentia
835 537 1071 574 abstinuisse
1102 548 1333 584 persuasum
1366 538 1424 571 est
1453 534 1578 571 nobis.

431 608 580 645 Pedum
612 621 698 643 cum
730 606 972 652 Quintiliano
1003 604 1071 651 IX,
1106 604 1142 651 4,
1176 604 1228 639 46
1261 617 1318 652 sq.
1350 604 1430 640 tria
1464 615 1610 650 genera
1639 601 1814 648 facimus,

317 691 406 726 par,
449 675 553 725 quod
591 689 638 712 ex
674 689 753 712 una
790 675 908 721 longa
946 676 985 710 et
1024 672 1175 709 duabus
1215 671 1401 708 brevibus
1433 673 1589 708 constat
1620 667 1815 718 (dactylus

318 749 357 782 et
389 742 648 794 anapaestus),
683 743 846 792 duplex,
881 741 985 791 quod
1018 755 1064 778 ex
1093 741 1204 778 brevi
1236 743 1276 777 et
1305 740 1424 789 longa
1462 737 1632 787 (iambus
1665 741 1705 774 et
1733 740 1815 774 tro-

318 811 474 860 chaeus),
508 812 711 861 sescuplex
747 814 814 857 „ut
845 822 970 859 paeon,
1006 823 1125 859 quum
1157 810 1209 846 sit
1239 822 1287 845 ex
1315 809 1434 855 longa
1464 810 1504 844 et
1534 807 1664 844 tribus
1686 805 1815 842 brevi-

316 881 407 927 bus,
442 882 588 930 quique
629 881 664 916 ei
704 879 942 925 contrarius,
984 891 1029 914 ex
1065 877 1194 914 tribus
1232 877 1417 914 brevibus
1457 878 1496 912 et
1532 873 1690 925 longa“,
1723 876 1748 912 i.
1782 888 1815 912 e.

316 962 430 998 paeon
460 949 612 998 primus
646 951 684 984 et
716 950 901 997 quartus,
933 960 1023 983 nam
1055 959 1153 995 quos
1185 944 1398 983 seeundum
1431 947 1470 981 et
1495 937 1659 981 tertium
1683 943 1816 993 appel—

315 1017 460 1063 larunt,
494 1017 652 1053 omnino
686 1016 902 1052 abiicimus.
950 1015 1135 1064 Repetito
1163 1014 1298 1051 eodem
1323 1013 1423 1063 pede
1455 1015 1524 1049 aut
1553 1012 1674 1049 variis
1704 1011 1815 1060 pedi-

316 1087 389 1123 bus
422 1089 512 1134 apte
545 1085 773 1133 compositis
803 1084 914 1120 varia
945 1083 1220 1132 rhythmorum
1250 1095 1396 1132 genera
1428 1080 1618 1127 existunt,
1653 1093 1750 1130 quae,
1783 1081 1817 1117 si

317 1153 472 1190 modico
505 1153 658 1189 ambitu
690 1151 970 1201 comprehensa
995 1152 1200 1198 iterantur,
1225 1163 1374 1196 versus,
1401 1150 1433 1186 si
1455 1150 1616 1195 maiore,
1644 1148 1816 1198 strophae

318 1221 521 1267 dicuntum
561 1220 629 1257 sed
666 1224 747 1257 tam
784 1220 917 1256 versui
957 1233 1073 1268 quam
1113 1219 1287 1268 strophae
1318 1231 1410 1255 suus
1442 1217 1612 1254 ambitus
1644 1220 1703 1254 est
1735 1230 1816 1254 cer-

316 1292 458 1339 tusque
481 1288 581 1335 finis,
610 1302 725 1338 quem
747 1301 862 1325 voces
889 1287 1023 1334 egredi
1049 1301 1127 1324 non
1155 1287 1310 1325 debent.
1356 1286 1492 1323 Finito
1519 1285 1668 1322 ambitu
1693 1298 1817 1335 pausa

318 1357 496 1406 quaedam
526 1356 589 1403 fit,
623 1350 699 1406 quo
731 1355 918 1403 efficitur,
951 1358 996 1392 ut
1027 1359 1202 1393 extrema
1240 1355 1393 1403 syllaba
1426 1358 1507 1391 tam
1537 1354 1667 1391 brevis
1699 1366 1816 1403 quam

317 1426 437 1473 longa
468 1439 549 1462 esse
580 1426 719 1474 possit.
781 1424 1018 1473 Plerumque
1057 1427 1189 1461 autem
1227 1437 1364 1460 versus
1403 1436 1482 1460 non
1520 1423 1676 1472 integro
1715 1421 1816 1472 pede

318 1494 555 1530 terminatur
594 1492 661 1529 sed
699 1493 859 1539 mutilo,
899 1495 945 1529 ut
982 1493 1053 1529 tali
1091 1493 1199 1529 exitu
1237 1512 1293 1516 —
1330 1492 1518 1536 κατάληξιν
1549 1489 1732 1527 dicebant
1759 1509 1817 1514 —

319 1563 459 1598 seriem
505 1561 689 1598 similium
727 1561 873 1610 pedum
910 1561 1174 1610 interruptam
1213 1573 1298 1597 esse
1336 1561 1540 1609 appareat.
1603 1557 1643 1595 Si
1683 1560 1816 1595 autem

319 1628 529 1665 eorundem
559 1629 705 1678 pedum
736 1630 856 1665 series
887 1642 958 1679 per
988 1629 1144 1677 longius
1175 1629 1347 1678 spatium
1386 1628 1655 1674 continuatur,
1687 1639 1815 1676 neque

318 1697 359 1733 id
390 1698 540 1746 agitur,
573 1700 618 1733 ut
649 1698 683 1733 ei
716 1697 840 1733 altera
870 1698 990 1734 series
1022 1701 1201 1734 accurate
1231 1696 1486 1745 respondeat,
1520 1698 1690 1744 systema
1721 1695 1816 1732 dici-

319 1779 417 1802 mus,
478 1765 570 1802 Haec
611 1778 768 1814 quoque
812 1765 881 1802 ubi
924 1767 1205 1812 terminantur,
1252 1765 1398 1812 integri
1441 1763 1563 1814 pedes
1609 1776 1692 1800 esse
1736 1776 1817 1800 non

320 1834 464 1880 solent,
506 1833 574 1870 sed
614 1834 725 1881 quasi
766 1833 964 1870 exhaustis
996 1833 1148 1870 viribus
1178 1834 1333 1870 numeri
1363 1832 1593 1879 subsidunt3
1626 1845 1680 1869 eae
1713 1832 1816 1868 clau-

320 1902 413 1939 sulae
445 1902 708 1951 appellantur.

432 1970 582 2006 Iustum
626 1968 774 2018 pedum
818 1982 1023 2005 numerum
1070 1972 1109 2006 et
1154 1969 1343 2018 aequalem
1386 1969 1581 2006 incessum
1627 1968 1817 2005 saltantes

320 2037 523 2086 gradibus,
564 2037 747 2074 sedentes
785 2037 886 2086 pede
926 2040 995 2074 aut
1031 2037 1175 2086 pollice
1215 2037 1419 2086 aequaliter
1450 2040 1558 2074 moto
1592 2036 1815 2084 exigebant,
1860 2035 1864 2040 “

320 2108 364 2142 ut
394 2105 538 2154 singuli
569 2105 713 2154 gradus
744 2108 813 2142 aut
844 2105 988 2154 singuli
1017 2105 1130 2155 pedis
1160 2105 1364 2155 pollicisve
1395 2106 1495 2142 ictus
1527 2105 1693 2154 singulis
1732 2117 1817 2141 ver-

321 2187 385 2211 sus
415 2173 583 2222 pedibus
613 2173 909 2222 responderent.
972 2173 1097 2219 Quum
1137 2186 1230 2210 vero
1269 2187 1339 2223 pes
1371 2186 1418 2209 ex
1448 2173 1567 2222 longa
1597 2172 1748 2221 syllaba
1779 2174 1819 2208 et

320 2240 427 2277 brevi
461 2244 530 2277 aut
559 2240 742 2278 brevibus
782 2244 997 2288 constaret,
1037 2242 1093 2278 ita
1129 2241 1275 2290 gradus
1316 2244 1385 2278 aut
1422 2242 1523 2278 ictus
1563 2240 1815 2286 ordinabant,

320 2311 365 2344 ut
394 2309 432 2345 in
462 2309 590 2355 longis
622 2309 782 2357 syllabis
814 2323 883 2358 pes
916 2313 983 2346 aut
1014 2310 1147 2359 pollex
1176 2313 1404 2358 poneretur,
1432 2310 1472 2346 in
1496 2308 1682 2346 brevibus
1705 2308 1816 2345 tolle-

320 2380 441 2413 retur.
475 2377 587 2413 Illam
617 2378 721 2425 βάσιν
751 2378 981 2425 sivefte'crw,
1015 2377 1114 2414 hanc
1145 2377 1250 2426 ἄρσιν
1282 2377 1475 2414 dicebant.
1530 2375 1582 2414 Et
1611 2377 1652 2413 in
1683 2375 1817 2424 dacty-

322 2444 406 2480 licis
437 2445 597 2492 quidem
628 2445 865 2482 hexametris
905 2445 1072 2495 simplex
1110 2446 1211 2483 ratio
1251 2448 1353 2493 erat,
1392 2445 1579 2482 iambicos
1617 2447 1749 2481 autem
1779 2445 1819 2480 et

413 2590 523 2630 prout
549 2588 723 2631 cuiusque
749 2588 898 2631 syllabae
924 2588 1121 2632 longitudo
1148 2599 1190 2622 ac
1215 2588 1377 2623 brevitas
1397 2587 1515 2631 fuerit,
1536 2587 1590 2621 ita
1608 2590 1817 2631 temporum

415 2644 534 2686 spatia
565 2644 707 2677 definiri
734 2656 852 2688 neque
877 2645 980 2679 brevi
1006 2645 1210 2679 breviorem
1237 2648 1299 2679 aut
1323 2645 1436 2689 longa
1460 2644 1681 2688 longiorem,
1708 2654 1817 2688 quam

414 2703 545 2732 natura
569 2701 606 2733 in
633 2700 1186 2744 syllaba1·111n‘'pronuntiatione
1210 2702 1378 2746 protulit,
1404 2713 1511 2746 posse
1533 2702 1695 2745 aliquam
1716 2711 1818 2745 repe-

415 2755 510 2788 rix-W.
548 2756 706 2799 Longin.
727 2757 896 2801 Prolegg.
927 2758 961 2791 in
982 2758 1169 2802 Hophaest.
1190 2760 1222 2801 6,
1248 2771 1282 2802 p.
1307 2761 1352 2793 84
1376 2758 1541 2802 W'estph.
1568 2759 1602 2792 τὸ
1625 2763 1682 2801 μὲν
1705 2763 1816 2803 μέτρον

416 2814 591 2853 πεπηγότας
618 2818 676 2854 ἔχει
702 2815 772 2851 τοὺς
794 2817 940 2860 χρόνους,
964 2817 1084 2859 μακρόν
1110 2829 1141 2848 τε
1167 2821 1217 2849 καὶ
1243 2818 1362 2862 βραχὺν
1388 2820 1440 2849 καὶ
1466 2816 1516 2848 τὸν
1540 2816 1658 2857 μεταξὺ
1689 2816 1816 2854 τούτων,

416 2870 465 2901 ‘ror
497 2870 595 2901 κοινὸν
626 2872 832 2911 καλούμενον,
864 2874 895 2906 ὃς
926 2875 975 2904 καὶ
1009 2871 1100 2909 αὐτὸς
1126 2873 1251 2905 πιὲιῒωζ
1274 2873 1393 2917 μακρός
1419 2876 1481 2905 ἔστι
1508 2875 1561 2904 καὶ
1584 2872 1718 2916 βραχύς,
1744 2872 1759 2903 «5
1784 2874 1816 2902 δὲ

413 2926 544 2970 ’ρυθμὸς
570 2927 608 2960 ὡς
632 2928 774 2969 βούλεται
802 2934 880 2960 'eluet
906 2929 976 2964 τοὺς
997 2929 1135 2973 χρόνους.
