1926 3275
292 337 373 376 368
954 331 1138 366 Asinaria.

290 463 381 501 Ter.
413 462 513 500 Eun.
551 463 677 500 1055:
730 464 798 508 „ut
843 461 1025 498 haeream
1070 462 1112 498 in
1156 462 1271 511 parte
1315 460 1449 510 aliqua
1487 458 1651 496 tandem
1692 458 1798 508 apud

289 528 522 569 Thaidem“.
583 529 744 567 Phorm.
780 529 880 566 630:
927 531 995 575 „at
1022 528 1184 565 tandem
1213 531 1347 565 tamen
1374 527 1466 565 Non
1497 528 1638 577 capitis
1670 527 1705 564 ei
1734 540 1797 564 res

291 601 433 649 agitur,
460 598 529 635 sed
552 595 784 648 pecuniae“.
816 596 976 634 Lucret.
994 595 1064 644 III,
1084 597 1186 634 793:
1217 595 1388 643 „soleret
1410 595 1573 632 tandem
1596 596 1637 632 in
1661 595 1798 632 eodem

290 668 446 705 homine
485 669 604 716 atque
641 666 683 702 in
721 664 859 702 eodem
896 677 990 701 uase
1029 662 1230 702 manere“.
1262 684 1317 688 —
1353 664 1445 702 176.
1478 660 1579 701 Non
1610 663 1653 701 tu
1683 659 1799 701 scis?

290 736 339 772 cs.
379 734 522 783 Amph.
557 734 650 770 696.
697 733 804 770 infra
837 733 931 769 214.
977 751 1034 759 ν-
1070 732 1241 782 parcet;
1281 731 1565 782 expectabatur
1604 744 1797 780 praesens3

290 804 466 840 futurum
501 801 551 838 ad
582 800 865 838 admonitionis
896 800 1065 838 formam
1097 800 1260 838 accedit.
1309 799 1365 838 Cf.
1399 799 1510 837 Cure.
1545 800 1646 836 492:
1684 812 1798 846 „con-

290 871 516 907 meminisse
544 880 616 916 ego
640 869 734 905 haec
766 869 898 905 uolam
929 866 1011 906 te“.
1057 868 1141 906 Mil.
1162 869 1263 905 397:
1302 867 1577 915 „Narrandum
1602 880 1673 917 ego
1696 868 1798 904 istuc

291 939 411 975 militi
444 935 650 975 censebo“.
675 957 733 961 —
768 938 858 973 179.
881 933 1165 984 paiz'umdum,
1199 937 1225 974 i.
1253 950 1285 974 e.
1318 937 1359 973 in
1390 936 1527 986 patina
1558 935 1716 982 elixum,
1750 934 1797 972 cf.

290 1006 392 1043 Plin.
421 1006 470 1044 H.
496 1005 544 1042 N.
571 1005 718 1052 XXIII,
748 1006 784 1051 2,
813 1005 876 1051 33,
904 1005 976 1041 68:
1015 1004 1277 1054 „decoquitur
1307 1005 1348 1041 in
1378 1004 1527 1054 patinis
1558 1016 1645 1040 cum
1676 1001 1797 1040 sa1e“.

290 1075 387 1112 Hor.
421 1074 500 1113 Sat.
533 1074 569 1120 I,
605 1075 646 1120 3,
683 1074 733 1110 80
767 1076 806 1109 et
836 1072 893 1118 II,
930 1073 972 1119 8,
1006 1073 1072 1110 43.
1133 1072 1288 1109 Pariter
1325 1075 1370 1109 ut
1400 1072 1437 1109 h.
1470 1072 1495 1108 l.
1529 1071 1622 1108 elixi
1653 1074 1693 1108 et
1722 1071 1799 1108 assi

290 1144 418 1193 pisces
448 1143 552 1179 inter
583 1154 623 1178 se
656 1141 847 1178 contrarii
877 1144 1080 1190 ponuntur
1106 1140 1202 1177 Hor.
1227 1139 1308 1177 Sat.
1336 1139 1385 1186 II,
1415 1140 1451 1186 4,
1481 1140 1552 1176 38:
1589 1139 1799 1189 „Ignarum

292 1211 435 1260 quibus
468 1213 528 1246 est
558 1210 618 1246 ius
650 1210 781 1257 aptius
813 1212 851 1245 et
883 1209 1025 1258 quibus
1056 1210 1153 1246 assis
1179 1208 1410 1256 Languidus
1441 1208 1482 1244 in
1515 1206 1691 1244 cubitum
1721 1208 1799 1244 iam

291 1292 331 1316 se
379 1279 545 1315 conviva
589 1275 796 1326 reponeff‘.
837 1297 894 1301 —-
936 1278 1027 1322 180.
1059 1273 1119 1314 ibi
1151 1276 1285 1313 Barth.
1326 1289 1419 1322 em.,
1459 1279 1582 1322 recte3
1629 1289 1720 1312 nam
1766 1276 1799 1312 si

291 1348 488 1383 retinetur
531 1343 663 1392 „ubi“‚
704 1343 888 1393 apodosis
936 1345 1113 1394 expediri
1158 1345 1318 1394 nequit,
1360 1357 1479 1394 quam
1517 1343 1586 1393 qui
1623 1343 1672 1380 ab
1716 1344 1800 1391 „illi

291 1413 372 1451 rei“
415 1414 597 1464 incipiat,
638 1426 717 1450 non
755 1413 850 1449 satis
889 1415 1094 1450 sententiae
1133 1412 1330 1459 consulat3
1370 1411 1615 1462 Geppertus,
1663 1413 1731 1461 qui
1777 1426 1800 1449 a

296 1480 479 1532 „Neque“
521 1482 680 1530 incipit,
727 1479 855 1527 „Nec“
896 1494 970 1530 pro
1015 1478 1140 1528 „non“
1186 1482 1361 1529 positum
1401 1480 1548 1517 frustra
1587 1479 1799 1517 defendere

291 1554 475 1596 conatur,
510 1549 622 1586 stud.
654 1549 712 1596 II,
745 1563 784 1599 p.
820 1550 884 1588 36.
916 1569 973 1574 -—
1008 1550 1099 1586 182.
1132 1545 1218 1586 uolt
1246 1544 1350 1585 milei
1389 1547 1525 1594 codd.;
1564 1544 1668 1585 mihi
1705 1548 1798 1585 ulti-

292 1631 395 1655 mam
439 1618 598 1665 longam
643 1617 782 1664 habet,
830 1631 865 1655 v.
907 1617 1097 1667 Spengel,
1136 1617 1266 1654 Plaut.
1306 1629 1345 1665 p.
1380 1616 1444 1652 56.
1506 1616 1565 1653 Fl.
1599 1615 1797 1653 ediderat:

298 1686 501 1733 „mihimet
529 1683 657 1723 uo1t“.
684 1705 732 1710 —
756 1682 1024 1735 pedisequae,
1058 1685 1105 1722 cf.
1132 1685 1222 1722 Aul.
1250 1685 1351 1721 798:
1382 1696 1451 1730 „ex
1475 1686 1619 1733 gnatae
1643 1683 1798 1733 pedise-

293 1767 372 1803 qua
401 1755 556 1790 nutrice
581 1751 699 1790 anu“.
746 1753 809 1790 Ad
832 1767 989 1791 sensum
1014 1766 1139 1802 comp.
1164 1752 1271 1790 Men.
1300 1753 1392 1790 530.
1425 1752 1513 1789 Ter.
1531 1751 1675 1788 Heaut.
1696 1752 1798 1789 300:

299 1822 422 1869 „Nam
455 1822 705 1871 disciplinast
736 1821 789 1858 eis
821 1821 1117 1858 demunerarier
1148 1820 1310 1858 ancillas
1336 1822 1519 1870 primum,
1546 1818 1596 1856 ad
1621 1819 1801 1856 dominas

294 1891 363 1939 qui
395 1890 596 1926 adfectant
617 1887 765 1926 uiam“.
790 1909 846 1914 —
874 1890 966 1927 183.
1001 1898 1161 1938 quoque
1191 1901 1269 1925 non
1301 1888 1418 1925 facile
1450 1889 1582 1937 priore
1613 1887 1698 1924 loco
1729 1901 1801 1937 po-

294 1959 404 1994 nitur
434 1959 511 1994 nisi
543 1958 583 1993 in
619 1970 801 2006 „quoque
834 1955 993 2004 etiam“,
1029 1957 1075 1994 de
1108 1970 1185 2006 quo
1216 1970 1253 1994 v.
1283 1956 1427 2005 Amph.
1462 1957 1534 2002 303
1567 1969 1636 1992 nec
1668 1959 1801 1993 tamen

297 2027 423 2062 ausim
463 2038 549 2062 cum
580 2024 639 2061 Fl.
672 2028 798 2061 totum
839 2038 996 2061 versum
1028 2024 1240 2072 refingeret
1286 2024 1406 2071 „Uolt
1436 2024 1613 2072 famulis,
1646 2024 1801 2061 ancillis

293 2093 379 2130 uolt
410 2096 448 2130 et
479 2105 635 2142 quoque
669 2093 789 2128 etiam
829 2092 958 2129 catulo
999 2090 1126 2129 meo“.
1159 2112 1216 2116 ——
1253 2087 1394 2130 Catuli
1425 2092 1654 2128 deliciarum
1687 2105 1802 2128 causa

295 2161 436 2197 nutriti
475 2161 617 2209 saepius
657 2163 1037 2207 commemorantur,
1082 2160 1250 2197 maxime
1287 2159 1473 2206 Melitaei,
1513 2159 1592 2197 vid.
1626 2159 1800 2210 Theoph.

295 2228 411 2265 Char.
446 2229 510 2265 21.
557 2228 727 2275 Becker,
761 2227 928 2267 Charicl.
960 2227 995 2275 Ι,
1035 2241 1074 2277 p.
1110 2229 1186 2265 381
1222 2241 1279 2277 sq.
1318 2247 1374 2252 -—
1416 2229 1508 2265 185.
1549 2226 1606 2265 Cf.
1639 2227 1801 2265 Trucul.

297 2297 377 2333 918
410 2309 487 2345 sq.:
527 2296 721 2343 „Uenitne
753 2297 793 2331 in
825 2299 994 2332 mentem
1034 2296 1110 2333 tibi
1144 2295 1251 2345 quod
1281 2295 1446 2333 uerbum
1478 2296 1519 2332 111
1551 2309 1671 2332 cauea
1703 2295 1803 2332 dixit

296 2364 456 2400 histrio:
505 2363 646 2401 Omnes
692 2363 868 2400 homines
915 2364 964 2400 ad
1004 2377 1115 2400 suum
1155 2366 1361 2412 quaestum
1401 2363 1546 2400 callent
1582 2377 1653 2401 nec
1689 2364 1800 2400 fasti-

296 2430 452 2468 diunt‘fi
501 2433 602 2468 415:
641 2432 728 2478 „Ad
759 2445 870 2468 suum
897 2445 1092 2481 quemque
1119 2435 1325 2481 aequomst
1349 2434 1561 2481 quaestum
1586 2444 1669 2468 esse
1693 2431 1801 2468 calli-

296 2498 431 2536 (lum“.
493 2500 614 2546 Quem
645 2513 813 2546 versum,
848 2502 943 2548 quia
974 2499 1090 2536 huius
1120 2513 1284 2549 prorsus
1315 2499 1455 2536 similis
1491 2502 1608 2545 esset,
1642 2498 1802 2548 quidam

296 2580 368 2616 pro
408 2568 543 2616 spurio
581 2567 821 2613 habuerunt,
863 2580 950 2604 mea
989 2568 1146 2616 quidem
1187 2567 1384 2604 sententia
1422 2580 1562 2616 parum
1604 2567 1801 2613 consulte,

298 2648 367 2672 nec
399 2636 499 2671 enim
532 2636 652 2671 semel
682 2635 828 2672 factum
856 2638 923 2681 est,
951 2638 996 2684 ut
1020 2635 1155 2672 eadem
1180 2636 1376 2672 sententia
1399 2634 1481 2671 fere
1506 2634 1645 2671 iisdem
1670 2634 1802 2671 verbis

297 2703 337 2738 in
370 2702 520 2739 duabus
552 2702 695 2739 fabulis
735 2715 919 2752 expressa
949 2704 1020 2750 sit,
1054 2706 1099 2740 ut
1130 2703 1242 2752 Capt.
1278 2703 1357 2739 658
1391 2715 1471 2751 sq.:
1517 2701 1664 2748 „Decet
1693 2702 1802 2738 inno-

297 2773 454 2806 centum
492 2783 648 2806 seruom
689 2774 807 2819 atque
847 2771 1048 2807 innoxium
1088 2771 1358 2808 Confidentem
1398 2783 1501 2817 esse,
1544 2782 1658 2806 suum
1698 2768 1804 2818 apud

297 2850 407 2874 erum
438 2835 744 2887 potiswmumffl
793 2838 839 2874 cf.
867 2837 1011 2875 Pseud.
1037 2839 1118 2876 460
1144 2852 1222 2888 sq.:
1262 2837 1408 2885 „Decet
1438 2838 1701 2883 innocentem,
1735 2836 1802 2886 qui

298 2906 370 2952 sit,
405 2908 523 2954 atque
556 2906 755 2943 innoxium
788 2904 951 2942 Seruom
983 2906 1195 2955 superbum
1236 2918 1321 2942 esse
1356 2905 1463 2955 apud
1493 2918 1602 2942 erum
1632 2905 1802 2954 potissu-
