1926 3275
267 231 286 268 1
295 230 346 269 32
954 222 1079 257 Plauti
1525 221 1569 265 V,
1585 223 1617 265 2,
1632 223 1768 257 26—34

872 348 906 389 P
916 361 942 389 a
950 362 972 388 r
981 361 1007 389 a
1017 348 1088 389 sit
1096 362 1125 388 u
1136 361 1155 388 s

267 423 457 477 Sequere
487 421 572 463 hac
602 435 668 462 me
701 420 828 462 modo
841 437 849 472 ;
880 420 968 461 iam
993 419 1092 460 faxo
1117 419 1261 472 ipsum
1282 416 1500 459 hominem
1522 417 1766 461 manufesto

1223 489 1457 543 opprimas.

877 562 913 603 A
921 577 944 603 r
952 566 971 603 t
981 576 1003 603 e
1013 576 1056 602 m
1067 575 1089 602 o
1100 575 1128 602 n
1139 574 1165 601 a

266 637 385 679 Nihil
417 639 587 678 ecastor
618 640 684 677 est
717 633 832 688 quod
861 633 1007 675 facere
1037 631 1255 674 mauelim.

877 720 910 761 P
921 733 976 760 ar
986 733 1012 760 a
1022 719 1159 760 situs

1257 790 1503 832 Manedum.

879 862 1166 904 Artemona

1531 917 1644 968 Quid
1675 918 1771 960 est?

880 990 1163 1031 Parasitus

270 1065 428 1116 Possis,
462 1065 498 1105 si
528 1063 641 1104 forte
672 1062 963 1104 adcubantem
992 1065 1117 1102 tuum
1146 1061 1289 1102 uirum
1321 1061 1596 1114 conspexeris

272 1136 379 1177 Cum
410 1148 572 1176 corona
600 1135 847 1188 amplexum
879 1133 1077 1184 amicam,
1109 1132 1145 1173 si
1174 1132 1341 1184 uideas,
1374 1132 1666 1186 cognoscere?
1705 1137 1774 1172 870

880 1220 947 1260 Ar
956 1224 974 1260 t
985 1233 1006 1260 e
1016 1233 1059 1260 m
1068 1234 1092 1261 o
1102 1233 1129 1259 n
1139 1233 1165 1260 a

269 1278 450 1320 Possum
482 1281 664 1319 ecastor.

884 1347 1168 1389 Parasitus

680 1419 761 1460 Em
791 1419 872 1460 tibi
901 1419 1131 1461 hominem.

883 1506 920 1546 A
928 1520 950 1546 r
958 1510 977 1546 t
986 1520 1007 1547 e
1017 1521 1060 1546 m
1070 1520 1094 1547 o
1104 1521 1131 1546 n
1142 1519 1168 1546 a

1142 1576 1269 1618 Perii.

883 1648 915 1689 P
926 1662 952 1689 a
961 1663 983 1689 r
992 1662 1017 1689 a
1028 1649 1098 1690 sit
1106 1664 1134 1690 u
1145 1663 1164 1690 s

1286 1718 1512 1773 Paulisper
1542 1732 1668 1761 mane
1679 1735 1690 1771 ς

272 1792 546 1845 Aucupemus
578 1806 630 1833 ex
659 1791 824 1832 insidiis
857 1791 1117 1842 clanculum,
1151 1804 1281 1843 quam
1311 1805 1404 1832 rem
1435 1793 1604 1843 gerant.

861 1862 1192 1916 Argyrippus

275 1934 387 1984 Quid
417 1934 545 1986 modi,
576 1938 713 1988 pater,
747 1933 1034 1987 amplexando
1065 1933 1229 1974 facies?

849 2005 1202 2047 Demaenetus

1230 2076 1403 2126 Fateor,
1434 2079 1566 2128 gnate
1596 2075 1656 2116 mi
1687 2107 1696 2116 .
1723 2107 1732 2116 .

860 2147 1191 2201 Argyrippus

277 2203 389 2253 Quid
420 2203 585 2245 fatere?

851 2274 1208 2316 Demaenetus

605 2346 674 2387 Me
707 2360 758 2386 ex
789 2360 936 2387 amore
967 2346 1094 2387 huius
1128 2351 1379 2400 corruptum
1414 2346 1587 2401 oppido.

888 2431 921 2472 P
932 2445 957 2473 a
966 2446 987 2472 r
997 2446 1023 2473 a
1034 2432 1075 2472 si
1086 2436 1104 2473 t
1112 2446 1168 2473 us

276 2488 419 2531 Audin
451 2488 554 2540 quid
584 2489 646 2530 ait
656 2492 674 2529 ἱ)

888 2560 925 2600 Α
933 2573 954 2600 1·
962 2563 981 2600 t
991 2573 1013 2601 e
1024 2574 1066 2601 m
1076 2574 1100 2601 o
1110 2575 1137 2601 n
1148 2574 1174 2601 a

686 2630 838 2672 Audio.

370 2784 437 2816 367
462 2793 518 2816 me
544 2792 608 2816 om.
705 2785 769 2817 871
797 2783 891 2818 Hem
983 2786 1050 2818 373
1076 2785 1311 2829 amplexandi
