1926 3275
772 308 814 343 v.
843 308 1075 343 1051—-1076,
1596 312 1676 351 337

165 442 291 480 Stich.
312 442 405 479 420.
432 441 539 478 Trin.
562 441 654 478 183.
679 438 837 476 Trucul.
858 439 951 475 819.
977 458 1032 462 -
1059 438 1178 475 1066.
1207 432 1290 475 Seu
1309 466 1316 474 .
1338 466 1345 474 .
1366 467 1374 474 .
1392 433 1504 484 sium·
1529 438 1587 474 Fl.
1614 438 1676 475 hie

166 522 327 559 quoque
354 504 401 547 Si
426 540 433 546 .
454 538 490 546 ..
519 505 569 555 Si,
595 508 761 545 fortasse
793 509 918 553 recte,
952 505 1021 543 sed
1052 505 1138 542 fieri
1169 508 1313 555 potest,
1348 507 1391 542 ut
1423 506 1576 555 primus
1607 519 1676 556 pes

168 590 242 628 pro
275 577 431 626 dactylo
471 575 661 624 legendus
693 575 756 613 sit.
788 594 845 599 ——
875 573 969 611 Post
999 569 1149 611 uidebo
1180 573 1313 610 hiatur
1344 573 1384 610 in
1416 586 1583 620 caesura3
1615 573 1676 610 Fl.

168 655 260 682 eum
291 644 476 682 addebat.
508 664 565 668 —
601 644 720 681 1067.
752 652 816 680 me
841 672 848 679 .
869 672 876 679 .
898 671 905 679 .
928 639 976 679 ‘id
1004 636 1304 690 prohibebunt,
1346 641 1393 679 cf.
1426 640 1566 678 Pseud.
1606 642 1674 678 13:

175 711 243 759 „Id
267 716 305 750 te
330 713 508 763 Iuppiter
532 708 811 761 prohibessit“.
850 709 983 747 Madv.
1002 708 1067 747 Gr.
1094 708 1182 746 Lat.
1211 710 1304 756 229,
1333 711 1370 746 2.
1395 729 1451 734 —
1479 710 1598 746 1068.
1631 706 1674 747 ’ἰν

168 776 285 818 cledis·
316 780 516 818 Camerar.
551 793 637 826 e1n.,
672 779 718 816 of.
757 779 876 816 1064.

282 983 609 1034 Amphitryonem
648 983 688 1019 in
728 982 830 1020 aedes
869 983 1089 1032 irrumpere
1125 984 1333 1019 conantem
1366 980 1538 1018 tonitrus
1571 980 1676 1017 Iovis

168 1052 336 1102 impedit
374 1055 488 1089 tanto
526 1052 683 1101 fragore
723 1050 871 1097 editus,
912 1054 958 1088 ut
995 1050 1188 1088 attonitus
1220 1052 1312 1086 ante
1350 1049 1454 1085 fores
1497 1047 1677 1085 concidat

169 1118 223 1168 (v.
261 1121 381 1158 1079.
423 1121 488 1157 89.
531 1116 614 1166 93).
678 1117 771 1155 Exit
802 1118 963 1156 Bromia
1002 1117 1145 1155 ancilla
1182 1116 1415 1166 perturbato
1455 1120 1494 1153 et
1531 1115 1677 1153 tumul-

169 1188 301 1226 tuanti
333 1188 463 1225 animo
495 1186 694 1224 horrenda
725 1186 794 1223 illa
826 1186 1026 1233 miracula,
1061 1198 1147 1234 quae
1178 1185 1283 1222 intus
1314 1184 1414 1222 vidit
1447 1187 1486 1221 et
1511 1183 1676 1229 audivit,

169 1269 344 1294 narrans.
406 1255 602 1305 Loquitur
634 1258 785 1301 autem,
819 1258 863 1291 ut
894 1257 1176 1304 properantem
1207 1253 1340 1299 decet,
1372 1252 1538 1290 volubili
1572 1256 1677 1289 octo-

169 1324 373 1362 nariorum
411 1323 671 1361 iambicorum
711 1326 850 1359 metro.
883 1342 940 1347 —
975 1323 1095 1359 1069.
1130 1318 1237 1370 Spes
1269 1320 1388 1370 atque
1420 1331 1516 1369 opes
1558 1317 1676 1366 uitae,

168 1393 193 1430 i.
228 1406 260 1430 e.
292 1394 416 1439 vires,
452 1391 594 1441 quibus
625 1391 708 1428 vita
740 1390 955 1428 sustentari
994 1389 1182 1435 debebat,
1225 1389 1397 1435 animus,
1438 1389 1477 1425 in
1517 1391 1677 1438 pectore

169 1457 372 1509 sepulta&
412 1460 437 1496 i.
473 1474 504 1496 e.
538 1460 737 1496 extinctae
777 1462 885 1505 sunt,
928 1458 975 1495 cf.
1013 1459 1132 1495 1090.
1188 1457 1347 1494 Terent.
1381 1456 1538 1494 Phorm.
1575 1457 1675 1492 94:52

174 1527 384 1578 „Sepultus
422 1526 547 1565 sum“.
610 1527 688 1565 Cio.
718 1526 800 1564 Cat.
834 1526 899 1574 IV,
936 1530 978 1573 (J',
1016 1528 1084 1562 11;
1132 1525 1313 1577 „sepulta
1345 1525 1384 1561 in
1415 1521 1590 1574 patria“.
1627 1542 1675 1547 --

175 1597 294 1634 1070.
335 1590 594 1644 Confidentm
633 1598 692 1632 est
730 1594 894 1641 fiducia,
935 1598 980 1631 ut
1018 1594 1075 1631 ait
1104 1594 1255 1632 Nonius
1286 1608 1325 1643 p.
1362 1594 1462 1639 2623
1503 1592 1550 1629 cf.
1585 1590 1676 1628 Coel.

170 1664 220 1701 ad
244 1663 321 1702 Cic.
347 1663 455 1701 Fam.
482 1663 587 1709 VIII,
616 1665 651 1709 8,
681 1665 724 1700 9:
765 1662 864 1710 „Illa
894 1666 1102 1711 praeterea
1127 1662 1195 1699 Cn.
1221 1662 1402 1711 Pompeii
1434 1663 1525 1698 sunt
1556 1660 1677 1696 anim-

171 1732 349 1778 aduersa,
383 1745 483 1781 quae
514 1731 681 1768 maxime
714 1729 987 1768 confidentiam
1020 1730 1241 1767 attulerunt
1272 1726 1535 1766 hominibus“.
1578 1727 1678 1764 Nam

775 1800 797 1813 μ

169 1799 276 1850 quod
308 1799 444 1838 Cicero
475 1799 631 1837 Tuscul.
664 1799 739 1845 III,
781 1811 810 1845 ι,
850 1800 898 1835 14
936 1795 1182 1845 „confidens“
1220 1798 1277 1834 ait
1312 1797 1437 1843 „mala
1470 1798 1676 1834 consuetu-

170 1867 259 1905 dine
298 1867 486 1918 loquendi
527 1868 567 1904 in
597 1867 695 1904 vitio
728 1865 931 1916 ponitur“,
965 1866 1005 1903 id
1038 1866 1270 1915 plerumque
1301 1864 1365 1911 fit,
1399 1878 1478 1902 non
1510 1876 1675 1912 semper.

169 1956 226 1962 —-
249 1933 333 1974 icem
357 1933 399 1972 in
424 1932 543 1973 corde
569 1935 619 1981 B,
654 1934 740 1972 edd.
769 1934 928 1983 quidam
959 1932 1092 1981 „meo“
1125 1933 1376 1979 addiderunt,
1411 1945 1488 1982 quo
1521 1934 1676 1968 retento

170 2004 230 2041 Fl.
268 2002 392 2050 ‚,ia1n“
429 2004 583 2049 omisit,
616 2003 713 2039 nihil
745 2001 978 2039 mutandum
1011 2001 1185 2048 videtur,
1227 2015 1315 2038 nam
1354 2001 1486 2037 brevis
1526 1998 1676 2047 syllaba

171 2075 263 2110 ante
296 2072 480 2109 diaeresin
510 2072 597 2118 lege
629 2070 895 2120 permittitur,
931 2083 965 2106 V.
1000 2069 1104 2106 Prol.
1139 2083 1176 2118 p.
1214 2070 1305 2106 135.
1340 2089 1395 2093 —
1430 2069 1549 2104 1071.
1584 2078 1678 2105 (jou-

171 2137 288 2189 Seqm'
319 2139 446 2186 codd,
481 2139 584 2188 quod
617 2139 682 2176 alii
721 2139 783 2185 „in
816 2151 935 2175 unuin
963 2136 1214 2184 convenire“,
1242 2137 1309 2174 alii
1339 2150 1422 2183 „me
1449 2133 1676 2184 consequi“,

170 2207 239 2245 alii
274 2208 338 2254 „in
370 2207 504 2245 orbem
536 2204 645 2256 rapi“
677 2206 1016 2256 interpretantur,
1051 2218 1218 2255 quorum
1257 2204 1357 2241 nihil
1395 2204 1489 2240 ferri
1529 2205 1677 2252 potest.

172 2275 406 2324 Requiritur
443 2273 679 2323 significatio
719 2287 849 2310 rerum
890 2274 1063 2310 omnium
1100 2274 1311 2310 mixtarum
1344 2276 1382 2308 et
1414 2271 1677 2315 confusarum,

168 2355 294 2392 quare
333 2339 530 2391 concoqui
568 2341 722 2391 scripsi.
762 2362 818 2366 —
861 2342 980 2377 1072.
1014 2338 1147 2378 enices
1188 2340 1281 2377 olim
1322 2338 1584 2376 emendatum.
1629 2356 1677 2361 —-

178 2411 296 2448 1074.
330 2407 484 2447 Animo
522 2406 629 2447 male
670 2409 747 2456 est,
791 2409 943 2445 animus
985 2407 1134 2454 deficit,
1179 2408 1225 2444 ef.
1270 2408 1363 2444 717.
1426 2405 1542 2455 Epid.
1585 2407 1677 2442 201.

173 2477 314 2515 Pseud.
335 2479 429 2514 957.
462 2477 564 2514 Rud.
587 2479 678 2514 510.
710 2497 767 2501 —
797 2472 965 2525 Aquam
996 2472 1142 2522 uelim,
1174 2476 1220 2512 cf.
1241 2475 1352 2512 Cure.
1375 2476 1474 2510 3512:
1515 2474 1679 2520 „Animo

174 2546 274 2583 male
307 2549 380 2582 est.
427 2544 508 2581 PH.
542 2544 617 2581 Vin
650 2542 846 2594 aquam?“
897 2543 982 2580 Mil.
1013 2545 1117 2581 1323
1152 2558 1230 2592 sq.:
1271 2543 1437 2589 „Animo
1472 2542 1572 2578 male
1604 2542 1680 2578 fao·

173 2617 296 2650 tumst
326 2612 417 2650 huic
449 2616 611 2662 repente
642 2612 808 2649 miserae.
859 2611 938 2648 PY.
972 2612 1128 2648 Currite
1160 2612 1277 2657 intro,
1312 2610 1464 2647 adferte
1497 2606 1678 2658 aqumn“.

169 2680 290 2717 Truc.
325 2681 405 2717 364
437 2693 515 2728 sq.:
569 2679 723 2725 „animo
763 2679 862 2715 male
902 2682 972 2716 est.
1035 2678 1115 2715 PH.
1149 2679 1287 2724 Mane,
1329 2677 1480 2727 aliquid
1512 2676 1598 2722 fiet,
1633 2690 1680 2713 ne

174 2747 251 2785 abi.
284 2747 352 2784 DI.
386 2747 467 2784 Ah!
502 2747 706 2796 aspersisti
732 2746 914 2796 aquam‘ffi
948 2747 1087 2783 Bacch.
1110 2748 1202 2783 243.
1228 2767 1284 2771 —
1308 2745 1512 2794 corrupta,
1542 2746 1678 2782 fracta.

176 2816 236 2852 Fl.
282 2813 555 2864 „corrumpta“
601 2815 758 2864 scripsit
801 2816 1038 2863 παρῃχὴινεως
1077 2827 1212 2859 causa,
1263 2813 1331 2850 sed
1377 2814 1473 2851 talia
1520 2814 1678 2850 inventa

175 2882 539 2928 animadvertimus,
574 2882 620 2919 de
653 2886 787 2919 nostro
814 2882 961 2919 inferre
985 2896 1062 2920 non
1089 2882 1211 2919 decet.
1238 2902 1294 2907 ——
1320 2882 1439 2919 1076.
1473 2878 1678 2925 uideatur,

1364 2957 1407 2990 22
