1926 3275
263 334 343 373 366
921 330 1102 365 Asinaria.

266 462 498 508 „Talentum
529 459 728 510 Philippei
763 457 893 507 (codd.
925 456 1189 509 Philippium)
1220 458 1312 496 huic
1343 471 1442 509 opus
1484 454 1650 494 aurist“.
1705 456 1767 494 De

260 529 448 580 prosodia
478 529 585 566 vocis
615 542 652 565 v.
683 527 839 576 Proleg.
871 540 910 576 p.
943 528 1034 565 199.
1065 547 1121 552 —
1155 528 1247 565 154.
1278 537 1350 565 nec
1381 527 1501 574 recte,
1531 526 1557 563 1.
1586 539 1618 562 0.
1649 526 1765 564 male.

260 598 401 635 Festus
431 611 470 647 p.
508 597 584 633 162
616 595 661 633 b:
699 595 803 642 „Nec
934 596 982 633 ab
1015 596 1189 645 antiquis
1226 608 1301 645 pro
1340 607 1435 642 non,
1474 597 1520 632 ut
1551 597 1590 631 et
1618 594 1659 631 in
1689 593 1768 631 XII

263 669 338 703 est:
378 668 463 712 „ast
494 665 529 701 ei
560 667 691 701 custos
722 676 792 701 nec
825 662 962 711 escit“,
1002 664 1115 701 item:
1161 663 1218 710 „si
1250 662 1390 700 adorat
1419 662 1527 700 furto
1560 661 1666 712 quod
1696 674 1769 699 nec

262 733 511 770 manifestum
551 730 651 768 erit“
696 735 734 769 et
773 731 879 781 apud
909 731 1097 769 Plautum
1134 732 1176 768 in
1205 729 1410 768 Fasmate:
1455 743 1550 778 „nec
1588 732 1695 767 recte
1734 730 1768 767 si

261 802 321 838 illi
353 798 523 837 dixeris“
560 803 598 836 et
628 799 852 850 Turpilium
891 800 932 836 in
962 799 1184 837 Demetrio:
1232 812 1325 846 „nec
1362 801 1472 836 recte
1514 798 1592 835 dici
1628 796 1767 836 mihi“.

262 870 339 907 Res
376 869 495 916 vulgo
534 870 646 914 nota,
688 867 734 905 cf.
775 867 879 904 infra
917 868 1011 905 468.
1065 867 1207 905 Bacch.
1244 867 1335 905 116.
1370 868 1464 904 729.
1516 866 1638 904 Most.
1672 866 1766 903 235.

262 936 404 974 Pseud.
429 937 548 973 1085.
581 935 687 972 Poen.
709 937 802 973 519.
835 956 891 961 —-
926 937 1017 973 156.
1042 931 1220 983 poteris.
1267 935 1347 972 FL:
1386 935 1514 984 „potis
1546 932 1628 981 es“,
1662 933 1770 983 quod.

263 1018 402 1055 parum
434 1004 661 1041 defenditur
693 1017 748 1050 eo,
784 1004 890 1053 quod
915 1003 1067 1041 Nonius
1097 1017 1136 1053 p.
1165 1004 1244 1041 308
1277 1002 1379 1040 hunc
1410 1015 1567 1039 versum
1602 1001 1769 1038 afferens

269 1076 484 1123 „quantum
515 1069 654 1122 potes“
689 1065 818 1109 habet.
875 1071 934 1109 Ne
967 1084 1083 1121 quem
1115 1071 1291 1108 offendat
1320 1071 1497 1108 futurum
1529 1083 1615 1107 cum
1645 1070 1769 1119 impe·

263 1142 383 1179 rativi
414 1143 606 1190 praesente
636 1140 832 1186 iunctum,
874 1139 920 1177 cf.
952 1140 1057 1176 infra
1089 1141 1190 1177 229:
1243 1140 1299 1185 „si
1338 1139 1439 1176 alius
1478 1138 1528 1175 ad
1567 1151 1628 1174 1110
1658 1138 1770 1186 prius

267 1210 458 1255 attulerit,
491 1211 534 1245 tu
561 1206 695 1245 uale!“
738 1208 861 1244 Mero.
882 1208 983 1245 304:
1020 1207 1190 1254 „Decide
1223 1207 1366 1244 collum
1399 1207 1530 1253 stanti,
1564 1206 1597 1242 si
1627 1205 1769 1242 falsum

264 1275 445 1327 loquar“.
476 1296 532 1300 —
567 1276 657 1312 157.
693 1285 817 1324 Quam
846 1272 983 1325 mccyis
1118 1276 1213 1323 tam,
1246 1276 1271 1311 i.
1305 1288 1338 1312 e.
1372 1277 1520 1323 quanto
1641 1276 1768 1320 tanto,

266 1347 312 1383 cf.
345 1344 485 1382 Bacch.
524 1345 649 1381 1083:
702 1343 851 1390 „Quam
896 1344 1020 1393 magis
1066 1343 1106 1380 id
1149 1346 1311 1392 reputo,
1351 1345 1433 1379 tam
1469 1342 1594 1389 magis
1631 1339 1768 1379 uror“.

269 1414 395 1451 1069:
443 1412 590 1459 „Quam
622 1413 746 1460 magis
780 1442 787 1447 .
809 1441 843 1448 ..
877 1410 1042 1459 magis“.
1102 1411 1209 1448 Men.
1245 1412 1315 1448 95:
1365 1409 1515 1457 „Quam
1545 1410 1669 1458 magis
1703 1439 1710 1446 .
1731 1438 1738 1445 .

265 1478 421 1518 tanto“.
482 1479 589 1516 Poen.
624 1480 716 1517 345.
779 1479 937 1516 Lucret.
970 1479 1006 1527 I,
1043 1480 1142 1516 536:
1197 1478 1273 1526 „Et
1313 1491 1390 1528 quo
1429 1490 1608 1527 quaeque
1645 1477 1771 1525 magis

267 1549 426 1587 cohibet
471 1561 534 1584 res
579 1548 685 1584 intus
731 1547 864 1594 inane,
911 1547 1007 1584 Tam
1046 1548 1172 1597 magis
1211 1545 1308 1584 etc.“
1373 1546 1525 1583 Nonius
1563 1549 1625 1583 ter
1661 1545 1700 1584 h.
1731 1559 1769 1582 v.

266 1617 432 1655 afferens
476 1614 530 1665 (p.
566 1616 665 1662 247,
702 1616 801 1662 266,
838 1613 936 1662 381)
983 1615 1129 1665 ubique
1180 1615 1288 1662 ,,9110
1333 1615 1460 1662 magis
1505 1612 1585 1660 te“,
1633 1617 1772 1651 contra

265 1685 398 1722 Plauti
429 1697 553 1721 usum.
585 1704 641 1707 —
673 1683 709 1721 2²6
740 1697 819 1721 non
852 1683 1027 1721 eliditur.
1090 1683 1235 1720 Miiller
1265 1682 1510 1732 transponit:
1549 1681 1698 1729 „Quam
1731 1685 1772 1718 te

266 1755 307 1790 in
338 1753 459 1789 altum
492 1752 617 1799 magis
651 1750 861 1801 011Ρο5515“.
910 1751 1024 1798 Quod
1056 1755 1187 1788 autem
1218 1751 1259 1788 in
1286 1751 1411 1787 altero
1435 1750 1611 1787 membro
1636 1747 1774 1799 massis

267 1821 453 1858 omissum
485 1823 555 1865 est,
591 1819 637 1857 cf.
656 1819 776 1857 Mero.
800 1821 891 1866 120,
924 1819 992 1856 ubi
1024 1833 1109 1857 cum
1136 1818 1285 1868 Pylade
1318 1817 1585 1856 scribendum:
1624 1816 1773 1864 „Quam

266 1902 445 1925 maxume
476 1889 630 1934 resisto,
662 1891 745 1924 tam
776 1900 838 1924 res
870 1888 909 1924 in
940 1888 1089 1937 periclo
1119 1885 1333 1924 uortitur“.
1379 1886 1488 1924 Alibi
1519 1883 1645 1933 „ta1n“
1677 1898 1771 1934 quo-

268 1970 342 2006 que
375 1953 461 2002 (aut
491 1952 623 2001 tanto)
659 1956 869 2002 omittitur,
901 1959 947 1992 ut
971 1955 1072 1992 Plin.
1098 1955 1245 2004 Paneg.
1279 1955 1350 1992 731
1389 1957 1562 2004 „quanto
1593 1954 1719 2001 magis
1751 1966 1773 1990 a

266 2028 304 2061 te
336 2023 637 2072 reprimebatur,
673 2021 931 2060 exarsimus“.
965 2043 1020 2048 -—-
1053 2023 1089 2060 le
1119 2019 1314 2071 capessis,
1348 2021 1395 2059 cf.
1420 2021 1564 2071 Amph.
1591 2022 1684 2059 258.
1717 2041 1774 2045 —

272 2093 362 2128 158.
396 2091 509 2137 Quod
547 2091 635 2127 lena
674 2091 775 2127 aedes
815 2104 904 2128 suas
945 2104 1030 2128 cum
1070 2093 1187 2140 portu
1231 2090 1490 2140 comparavit,
1524 2088 1773 2137 Argyrippus

267 2161 308 2196 in
341 2159 600 2196 similitudine
632 2172 793 2195 manens
824 2159 951 2208 ipsam
982 2159 1220 2208 portitorem
1253 2157 1360 2204 dicit,
1389 2157 1458 2194 sed
1481 2157 1705 2206 portorium
1731 2170 1772 2194 50

268 2228 488 2264 soluturum
520 2231 648 2275 negat,
683 2227 729 2263 cf.
762 2226 866 2263 infra
899 2228 992 2264 239.
1039 2226 1206 2263 Versum
1237 2225 1352 2263 affert
1376 2225 1529 2262 Nonius
1560 2238 1599 2275 p.
1627 2225 1692 2262 24.
1717 2245 1774 2250 -—

272 2297 361 2332 159.
399 2295 576 2332 tractare
609 2305 800 2344 exequar,
833 2296 858 2331 i.
892 2308 923 2332 e.
955 2306 1131 2344 pergam,
1165 2294 1212 2331 cf.
1243 2293 1366 2331 Mero.
1401 2294 1501 2331 901:
1547 2294 1773 2343 „inceptum

268 2364 341 2400 hoc
366 2364 487 2399 itiner
511 2362 698 2412 perficere
726 2361 940 2411 exequa1·“.
965 2382 1021 2387 —
1051 2363 1141 2400 160.
1165 2361 1330 2399 Numeri
1354 2361 1588 2398 claudicant.
1636 2361 1770 2398 Both.:

273 2430 421 2478 „Quom
461 2434 503 2467 tu
543 2430 632 2467 med
791 2431 922 2467 eiicias
955 2428 1111 2468 domo“.
1173 2430 1255 2467 FL:
1293 2429 1514 2476 „Quoniam
1547 2459 1554 2466 .
1575 2459 1582 2466 .
1603 2458 1612 2467 .
1632 2459 1639 2466 .
1673 2442 1773 2478 quae

268 2512 329 2534 me
362 2498 454 2535 eicis
485 2497 640 2544 domo“,
674 2497 780 2547 quod
806 2498 1037 2548 recepimus,
1063 2511 1112 2536 110
1136 2498 1305 2535 alterum
1337 2497 1585 2534 enuntiatum
1617 2496 1772 2534 obiecto

269 2569 431 2602 careret.
488 2566 730 2602 Indieativus
762 2569 854 2615 post
885 2576 1007 2615 quom
1037 2566 1132 2603 ferri
1162 2568 1321 2615 poterat
1354 2563 1419 2612 (cf.
1445 2578 1481 2602 v.
1509 2563 1592 2612 79),
1626 2564 1694 2602 sed
1726 2577 1772 2601 eo

271 2636 424 2670 retento
452 2647 588 2670 vorsus
614 2633 769 2670 diaeresi
795 2637 957 2671 careret.
989 2654 1046 2657 -ss
1081 2634 1171 2670 161.
1201 2629 1466 2681 percipimus,
1500 2632 1771 2682 intelligimus,

271 2701 316 2736 «f.
337 2700 447 2737 Cure.
470 2702 559 2737 159.
585 2701 669 2737 Mil.
690 2702 781 2737 873.
807 2721 863 2726 —-
892 2702 982 2738 162.
1010 2697 1060 2738 αἶ)
1084 2701 1315 2750 praepositio
1340 2701 1527 2749 quoniam
1552 2703 1590 2736 et
1612 2700 1707 2749 poni
1733 2702 1772 2736 et

270 2769 399 2804 omitti
431 2769 575 2816 potuit,
610 2769 775 2805 fortasse
807 2767 891 2805 fieri
923 2770 1055 2819 potuit
1085 2772 1130 2805 ut
1160 2769 1294 2818 priore
1326 2768 1412 2811 1000
1444 2768 1612 2814 abesset,
1646 2767 1772 2804 altero

270 2848 346 2871 non
380 2835 545 2871 abesset.
581 2856 634 2859 ——
670 2836 760 2872 163.
795 2831 920 2873 Solus
952 2833 990 2873 Si
1020 2833 1201 2884 (lactem,
1234 2837 1266 2872 si
1299 2836 1403 2873 solus
1436 2848 1481 2872 ea
1518 2835 1662 2885 potiar.
1724 2829 1773 2872 Sc·

271 2906 331 2940 est
374 2901 600 2950 „etiamsi“;
648 2903 886 2940 indicativus
932 2906 972 2940 in
1017 2904 1212 2941 sententia
1256 2904 1446 2953 primaria
1489 2903 1672 2952 frequens
1712 2904 1773 2939 est
