<?xml version="1.0" encoding="UTF-8"?>
<!DOCTYPE html PUBLIC "-//W3C//DTD XHTML 1.0 Transitional//EN"
    "http://www.w3.org/TR/xhtml1/DTD/xhtml1-transitional.dtd">
<html xmlns="http://www.w3.org/1999/xhtml" xml:lang="en" lang="en">
 <head>
  <title>
</title>
<meta http-equiv="Content-Type" content="text/html;charset=utf-8" />
  <meta name='ocr-system' content='tesseract 3.04.00' />
  <meta name='ocr-capabilities' content='ocr_page ocr_carea ocr_par ocr_line ocrx_word'/>
</head>
<body>
  <div class='ocr_page' id='page_1' title='image "./comoediaerecensv01plauuoft_0217.png"; bbox 0 0 1926 3275; ppageno 0'>
   <div class='ocr_carea' id='block_1_1' title="bbox 776 246 1672 292">
    <p class='ocr_par' dir='ltr' id='par_1_1' title="bbox 776 246 1672 292">
     <span class='ocr_line' id='line_1_1' title="bbox 776 246 1672 292; baseline 0.001 -12"><span class='ocrx_word' id='word_1_1' title='bbox 776 246 1057 290; x_wconf 87' lang='lat' dir='ltr'>Prolegomena.</span> <span class='ocrx_word' id='word_1_2' title='bbox 1593 253 1612 292; x_wconf 91' lang='lat'>1</span> <span class='ocrx_word' id='word_1_3' title='bbox 1619 253 1672 292; x_wconf 83' lang='lat'>99</span> 
     </span>
    </p>
   </div>
   <div class='ocr_carea' id='block_1_2' title="bbox 158 373 1680 2875">
    <p class='ocr_par' dir='ltr' id='par_1_2' title="bbox 158 373 1672 970">
     <span class='ocr_line' id='line_1_2' title="bbox 162 373 1670 430; baseline 0.003 -17"><span class='ocrx_word' id='word_1_4' title='bbox 162 373 314 425; x_wconf 77' lang='lat' dir='ltr'>quoius</span> <span class='ocrx_word' id='word_1_5' title='bbox 351 388 471 425; x_wconf 90' lang='lat' dir='ltr'>quum</span> <span class='ocrx_word' id='word_1_6' title='bbox 509 375 743 425; x_wconf 86' lang='lat' dir='ltr'>plerumque</span> <span class='ocrx_word' id='word_1_7' title='bbox 781 377 957 426; x_wconf 82' lang='lat' dir='ltr'>priorem</span> <span class='ocrx_word' id='word_1_8' title='bbox 994 376 1152 426; x_wconf 87' lang='lat' dir='ltr'>longam</span> <span class='ocrx_word' id='word_1_9' title='bbox 1190 375 1362 414; x_wconf 89' lang='lat' dir='ltr'>habeant</span> <span class='ocrx_word' id='word_1_10' title='bbox 1395 375 1493 425; x_wconf 84' lang='lat' dir='ltr'>(vid.</span> <span class='ocrx_word' id='word_1_11' title='bbox 1525 379 1670 430; x_wconf 88' lang='lat' dir='ltr'><strong>Amph.</strong></span> 
     </span>
     <span class='ocr_line' id='line_1_3' title="bbox 165 443 1670 494; baseline 0.002 -13"><span class='ocrx_word' id='word_1_12' title='bbox 165 444 259 482; x_wconf 99' lang='lat'>108.</span> <span class='ocrx_word' id='word_1_13' title='bbox 304 443 416 481; x_wconf 91' lang='lat' dir='ltr'>Asin.</span> <span class='ocrx_word' id='word_1_14' title='bbox 451 444 544 481; x_wconf 94' lang='lat'>340.</span> <span class='ocrx_word' id='word_1_15' title='bbox 586 444 680 482; x_wconf 88' lang='lat'>390.</span> <span class='ocrx_word' id='word_1_16' title='bbox 723 445 817 482; x_wconf 90' lang='lat'>399.</span> <span class='ocrx_word' id='word_1_17' title='bbox 859 445 953 482; x_wconf 88' lang='lat'>730.</span> <span class='ocrx_word' id='word_1_18' title='bbox 996 445 1090 482; x_wconf 91' lang='lat'>804.</span> <span class='ocrx_word' id='word_1_19' title='bbox 1138 444 1282 494; x_wconf 88' lang='lat' dir='ltr'>Amph.</span> <span class='ocrx_word' id='word_1_20' title='bbox 1317 446 1412 483; x_wconf 95' lang='lat'>261.</span> <span class='ocrx_word' id='word_1_21' title='bbox 1447 447 1541 483; x_wconf 90' lang='lat'>285.</span> <span class='ocrx_word' id='word_1_22' title='bbox 1576 448 1670 485; x_wconf 86' lang='lat'>355.</span> 
     </span>
     <span class='ocr_line' id='line_1_4' title="bbox 162 511 1670 565; baseline 0.003 -17"><span class='ocrx_word' id='word_1_23' title='bbox 162 512 259 549; x_wconf 90' lang='lat'>791.</span> <span class='ocrx_word' id='word_1_24' title='bbox 293 512 387 549; x_wconf 90' lang='lat'>804.</span> <span class='ocrx_word' id='word_1_25' title='bbox 432 511 544 549; x_wconf 86' lang='lat' dir='ltr'>Asin.</span> <span class='ocrx_word' id='word_1_26' title='bbox 580 512 673 549; x_wconf 90' lang='lat'>549.</span> <span class='ocrx_word' id='word_1_27' title='bbox 708 513 802 550; x_wconf 88' lang='lat'>625.</span> <span class='ocrx_word' id='word_1_28' title='bbox 837 513 930 550; x_wconf 90' lang='lat'>636.</span> <span class='ocrx_word' id='word_1_29' title='bbox 973 513 1066 550; x_wconf 90' lang='lat'>674.</span> <span class='ocrx_word' id='word_1_30' title='bbox 1108 513 1202 550; x_wconf 91' lang='lat'>729.</span> <span class='ocrx_word' id='word_1_31' title='bbox 1245 513 1340 550; x_wconf 91' lang='lat'>846.</span> <span class='ocrx_word' id='word_1_32' title='bbox 1383 515 1477 551; x_wconf 90' lang='lat'>874.</span> <span class='ocrx_word' id='word_1_33' title='bbox 1525 515 1670 565; x_wconf 89' lang='lat' dir='ltr'>Amph.</span> 
     </span>
     <span class='ocr_line' id='line_1_5' title="bbox 165 577 1671 630; baseline 0.003 -14"><span class='ocrx_word' id='word_1_34' title='bbox 165 580 229 617; x_wconf 97' lang='lat'>17.</span> <span class='ocrx_word' id='word_1_35' title='bbox 265 580 358 617; x_wconf 89' lang='grc'>132.</span> <span class='ocrx_word' id='word_1_36' title='bbox 397 579 509 617; x_wconf 83' lang='lat' dir='ltr'>Asin.</span> <span class='ocrx_word' id='word_1_37' title='bbox 544 577 665 628; x_wconf 88' lang='lat'>202),</span> <span class='ocrx_word' id='word_1_38' title='bbox 705 593 808 630; x_wconf 85' lang='lat' dir='ltr'>saepe</span> <span class='ocrx_word' id='word_1_39' title='bbox 847 581 967 618; x_wconf 88' lang='lat' dir='ltr'>etiam</span> <span class='ocrx_word' id='word_1_40' title='bbox 1006 580 1206 630; x_wconf 80' lang='lat' dir='ltr'>corripere</span> <span class='ocrx_word' id='word_1_41' title='bbox 1239 594 1325 618; x_wconf 88' lang='lat' dir='ltr'>eam</span> <span class='ocrx_word' id='word_1_42' title='bbox 1355 582 1543 620; x_wconf 88' lang='lat' dir='ltr'>videntur</span> <span class='ocrx_word' id='word_1_43' title='bbox 1574 580 1671 630; x_wconf 84' lang='lat' dir='ltr'>(vid.</span> 
     </span>
     <span class='ocr_line' id='line_1_6' title="bbox 159 647 1670 699; baseline 0.003 -15"><span class='ocrx_word' id='word_1_44' title='bbox 159 647 306 698; x_wconf 87' lang='lat' dir='ltr'>Amph.</span> <span class='ocrx_word' id='word_1_45' title='bbox 340 648 406 684; x_wconf 89' lang='lat'>85.</span> <span class='ocrx_word' id='word_1_46' title='bbox 441 649 534 685; x_wconf 89' lang='lat'>982.</span> <span class='ocrx_word' id='word_1_47' title='bbox 569 649 663 685; x_wconf 87' lang='grc'><strong>984.</strong></span> <span class='ocrx_word' id='word_1_48' title='bbox 696 648 807 686; x_wconf 83' lang='lat' dir='ltr'>Asin.</span> <span class='ocrx_word' id='word_1_49' title='bbox 835 650 900 686; x_wconf 88' lang='lat'>80.</span> <span class='ocrx_word' id='word_1_50' title='bbox 932 648 1075 699; x_wconf 93' lang='lat' dir='ltr'>Amph.</span> <span class='ocrx_word' id='word_1_51' title='bbox 1104 649 1169 686; x_wconf 89' lang='lat'>51.</span> <span class='ocrx_word' id='word_1_52' title='bbox 1205 649 1270 686; x_wconf 95' lang='lat'>96.</span> <span class='ocrx_word' id='word_1_53' title='bbox 1304 650 1398 687; x_wconf 92' lang='grc'><strong>263.</strong></span> <span class='ocrx_word' id='word_1_54' title='bbox 1432 650 1528 688; x_wconf 90' lang='grc'><strong>482.</strong></span> <span class='ocrx_word' id='word_1_55' title='bbox 1559 650 1670 688; x_wconf 89' lang='lat' dir='ltr'>Asin.</span> 
     </span>
     <span class='ocr_line' id='line_1_7' title="bbox 162 715 1672 767; baseline 0.003 -15"><span class='ocrx_word' id='word_1_56' title='bbox 162 716 257 753; x_wconf 89' lang='lat'>594.</span> <span class='ocrx_word' id='word_1_57' title='bbox 301 716 395 753; x_wconf 85' lang='lat'>598.</span> <span class='ocrx_word' id='word_1_58' title='bbox 437 717 531 753; x_wconf 89' lang='grc'><strong>714.</strong></span> <span class='ocrx_word' id='word_1_59' title='bbox 581 717 675 754; x_wconf 87' lang='grc'><strong>718.</strong></span> <span class='ocrx_word' id='word_1_60' title='bbox 721 716 866 767; x_wconf 89' lang='lat' dir='ltr'>Amph.</span> <span class='ocrx_word' id='word_1_61' title='bbox 909 717 975 754; x_wconf 90' lang='grc'>26.</span> <span class='ocrx_word' id='word_1_62' title='bbox 1018 717 1111 755; x_wconf 90' lang='grc'><strong>374.</strong></span> <span class='ocrx_word' id='word_1_63' title='bbox 1158 717 1271 755; x_wconf 81' lang='lat' dir='ltr'>Asin.</span> <span class='ocrx_word' id='word_1_64' title='bbox 1313 715 1438 766; x_wconf 88' lang='lat'>717);</span> <span class='ocrx_word' id='word_1_65' title='bbox 1483 717 1672 756; x_wconf 87' lang='lat' dir='ltr'>videntur</span> 
     </span>
     <span class='ocr_line' id='line_1_8' title="bbox 159 783 1671 836; baseline 0.002 -15"><span class='ocrx_word' id='word_1_66' title='bbox 159 784 343 834; x_wconf 85' lang='lat' dir='ltr'>inquam3</span> <span class='ocrx_word' id='word_1_67' title='bbox 390 797 481 821; x_wconf 84' lang='lat' dir='ltr'>nam</span> <span class='ocrx_word' id='word_1_68' title='bbox 524 783 612 821; x_wconf 87' lang='lat' dir='ltr'>fieri</span> <span class='ocrx_word' id='word_1_69' title='bbox 656 787 808 834; x_wconf 84' lang='lat' dir='ltr'>potest,</span> <span class='ocrx_word' id='word_1_70' title='bbox 855 787 901 822; x_wconf 88' lang='lat' dir='ltr'>ut</span> <span class='ocrx_word' id='word_1_71' title='bbox 947 785 1030 822; x_wconf 87' lang='lat' dir='ltr'>haec</span> <span class='ocrx_word' id='word_1_72' title='bbox 1069 785 1261 824; x_wconf 88' lang='lat' dir='ltr'>vocabula</span> <span class='ocrx_word' id='word_1_73' title='bbox 1302 786 1398 823; x_wconf 89' lang='lat' dir='ltr'>elisa</span> <span class='ocrx_word' id='word_1_74' title='bbox 1435 787 1671 836; x_wconf 90' lang='lat' dir='ltr'>posterioris</span> 
     </span>
     <span class='ocr_line' id='line_1_9' title="bbox 159 852 1671 904; baseline 0.003 -15"><span class='ocrx_word' id='word_1_75' title='bbox 159 852 321 901; x_wconf 81' lang='lat' dir='ltr'>syllabae</span> <span class='ocrx_word' id='word_1_76' title='bbox 367 852 496 889; x_wconf 84' lang='lat' dir='ltr'>vocali</span> <span class='ocrx_word' id='word_1_77' title='bbox 539 865 614 902; x_wconf 90' lang='lat' dir='ltr'>pro</span> <span class='ocrx_word' id='word_1_78' title='bbox 660 852 945 901; x_wconf 85' lang='lat' dir='ltr'>monosyllabis</span> <span class='ocrx_word' id='word_1_79' title='bbox 982 852 1150 901; x_wconf 84' lang='lat' dir='ltr'>fuerint,</span> <span class='ocrx_word' id='word_1_80' title='bbox 1189 854 1232 891; x_wconf 91' lang='lat' dir='ltr'>id</span> <span class='ocrx_word' id='word_1_81' title='bbox 1270 854 1378 904; x_wconf 88' lang='lat' dir='ltr'>quod</span> <span class='ocrx_word' id='word_1_82' title='bbox 1416 854 1671 893; x_wconf 88' lang='lat' dir='ltr'>Lachmanno</span> 
     </span>
     <span class='ocr_line' id='line_1_10' title="bbox 158 917 1413 970; baseline 0.002 -14"><span class='ocrx_word' id='word_1_83' title='bbox 158 919 312 969; x_wconf 84' lang='lat' dir='ltr'>placuit</span> <span class='ocrx_word' id='word_1_84' title='bbox 341 918 391 956; x_wconf 87' lang='lat' dir='ltr'>ad</span> <span class='ocrx_word' id='word_1_85' title='bbox 422 919 583 958; x_wconf 90' lang='lat' dir='ltr'>Lucret.</span> <span class='ocrx_word' id='word_1_86' title='bbox 614 934 654 970; x_wconf 90' lang='lat' dir='ltr'>p.</span> <span class='ocrx_word' id='word_1_87' title='bbox 689 921 755 958; x_wconf 87' lang='lat'>26.</span> <span class='ocrx_word' id='word_1_88' title='bbox 1410 917 1413 919; x_wconf 62' lang='grc'><strong>’</strong></span> 
     </span>
    </p>

    <p class='ocr_par' dir='ltr' id='par_1_3' title="bbox 158 987 1671 2199">
     <span class='ocr_line' id='line_1_11' title="bbox 272 987 1669 1039; baseline 0.004 -15"><span class='ocrx_word' id='word_1_89' title='bbox 272 987 406 1025; x_wconf 88' lang='lat' dir='ltr'>Etiam</span> <span class='ocrx_word' id='word_1_90' title='bbox 438 990 530 1024; x_wconf 86' lang='lat' dir='ltr'>ante</span> <span class='ocrx_word' id='word_1_91' title='bbox 560 991 689 1025; x_wconf 90' lang='lat' dir='ltr'>mutas</span> <span class='ocrx_word' id='word_1_92' title='bbox 712 988 931 1037; x_wconf 86' lang='lat' dir='ltr'>geminatas</span> <span class='ocrx_word' id='word_1_93' title='bbox 956 989 1103 1039; x_wconf 89' lang='lat' dir='ltr'>positio</span> <span class='ocrx_word' id='word_1_94' title='bbox 1128 989 1359 1037; x_wconf 72' lang='lat' dir='ltr'>negligitur.</span> <span class='ocrx_word' id='word_1_95' title='bbox 1406 990 1669 1029; x_wconf 89' lang='lat' dir='ltr'>Notissimum</span> 
     </span>
     <span class='ocr_line' id='line_1_12' title="bbox 159 1055 1671 1107; baseline 0.003 -13"><span class='ocrx_word' id='word_1_96' title='bbox 159 1057 383 1106; x_wconf 85' lang='lat' dir='ltr'>exemplum</span> <span class='ocrx_word' id='word_1_97' title='bbox 416 1055 568 1106; x_wconf 87' lang='lat' dir='ltr'>praebet</span> <span class='ocrx_word' id='word_1_98' title='bbox 606 1069 691 1093; x_wconf 89' lang='lat' dir='ltr'>voc.</span> <span class='ocrx_word' id='word_1_99' title='bbox 725 1066 824 1095; x_wconf 76' lang='lat' dir='ltr'>ecce.</span> <span class='ocrx_word' id='word_1_100' title='bbox 887 1056 998 1107; x_wconf 76' lang='lat' dir='ltr'>Saepe</span> <span class='ocrx_word' id='word_1_101' title='bbox 1035 1057 1181 1107; x_wconf 84' lang='lat' dir='ltr'>legitur</span> <span class='ocrx_word' id='word_1_102' title='bbox 1223 1056 1324 1104; x_wconf 80' lang='lat' dir='ltr'>„Sed</span> <span class='ocrx_word' id='word_1_103' title='bbox 1364 1057 1544 1107; x_wconf 85' lang='lat' dir='ltr'>eccum“;</span> <span class='ocrx_word' id='word_1_104' title='bbox 1584 1063 1671 1098; x_wconf 91' lang='lat' dir='ltr'>tum</span> 
     </span>
     <span class='ocr_line' id='line_1_13' title="bbox 165 1122 1664 1174; baseline 0.003 -13"><span class='ocrx_word' id='word_1_105' title='bbox 165 1124 304 1172; x_wconf 89' lang='lat' dir='ltr'>„Domi</span> <span class='ocrx_word' id='word_1_106' title='bbox 334 1122 491 1161; x_wconf 86' lang='lat' dir='ltr'>eccum“</span> <span class='ocrx_word' id='word_1_107' title='bbox 527 1123 613 1161; x_wconf 90' lang='lat' dir='ltr'>Mil.</span> <span class='ocrx_word' id='word_1_108' title='bbox 647 1124 742 1171; x_wconf 88' lang='grc'><strong>472,</strong></span> <span class='ocrx_word' id='word_1_109' title='bbox 781 1127 874 1171; x_wconf 87' lang='lat' dir='ltr'>„tua</span> <span class='ocrx_word' id='word_1_110' title='bbox 905 1123 1060 1162; x_wconf 84' lang='lat' dir='ltr'>eccam“</span> <span class='ocrx_word' id='word_1_111' title='bbox 1096 1124 1199 1163; x_wconf 90' lang='lat' dir='ltr'>Rud.</span> <span class='ocrx_word' id='word_1_112' title='bbox 1235 1126 1363 1173; x_wconf 89' lang='lat'>1174,</span> <span class='ocrx_word' id='word_1_113' title='bbox 1401 1127 1499 1174; x_wconf 85' lang='lat' dir='ltr'>„tibi</span> <span class='ocrx_word' id='word_1_114' title='bbox 1531 1125 1664 1166; x_wconf 89' lang='lat' dir='ltr'>eccas“</span> 
     </span>
     <span class='ocr_line' id='line_1_14' title="bbox 158 1189 1671 1242; baseline 0.003 -13"><span class='ocrx_word' id='word_1_115' title='bbox 158 1192 317 1230; x_wconf 87' lang='lat' dir='ltr'>Trucul.</span> <span class='ocrx_word' id='word_1_116' title='bbox 342 1193 435 1230; x_wconf 91' lang='lat'>527.</span> <span class='ocrx_word' id='word_1_117' title='bbox 466 1191 660 1229; x_wconf 78' lang='lat' dir='ltr'>Miillerus</span> <span class='ocrx_word' id='word_1_118' title='bbox 690 1189 746 1242; x_wconf 91' lang='lat' dir='ltr'>(p.</span> <span class='ocrx_word' id='word_1_119' title='bbox 774 1193 853 1230; x_wconf 86' lang='lat'>295</span> <span class='ocrx_word' id='word_1_120' title='bbox 879 1190 956 1242; x_wconf 88' lang='lat' dir='ltr'>sq.)</span> <span class='ocrx_word' id='word_1_121' title='bbox 990 1193 1073 1230; x_wconf 86' lang='lat' dir='ltr'>haec</span> <span class='ocrx_word' id='word_1_122' title='bbox 1104 1194 1237 1231; x_wconf 85' lang='lat' dir='ltr'>omnia</span> <span class='ocrx_word' id='word_1_123' title='bbox 1267 1207 1316 1231; x_wconf 85' lang='lat' dir='ltr'>ex</span> <span class='ocrx_word' id='word_1_124' title='bbox 1345 1194 1514 1233; x_wconf 88' lang='lat' dir='ltr'>iambica</span> <span class='ocrx_word' id='word_1_125' title='bbox 1543 1195 1671 1234; x_wconf 89' lang='lat' dir='ltr'>forma</span> 
     </span>
     <span class='ocr_line' id='line_1_15' title="bbox 161 1257 1670 1311; baseline 0.004 -14"><span class='ocrx_word' id='word_1_126' title='bbox 161 1261 322 1311; x_wconf 89' lang='lat' dir='ltr'>repetit.</span> <span class='ocrx_word' id='word_1_127' title='bbox 381 1259 536 1298; x_wconf 85' lang='lat' dir='ltr'>Deinde</span> <span class='ocrx_word' id='word_1_128' title='bbox 578 1257 761 1309; x_wconf 84' lang='lat' dir='ltr'>„ecquis“</span> <span class='ocrx_word' id='word_1_129' title='bbox 804 1260 911 1298; x_wconf 87' lang='lat' dir='ltr'>Poen.</span> <span class='ocrx_word' id='word_1_130' title='bbox 949 1261 1071 1300; x_wconf 90' lang='lat'>1047.</span> <span class='ocrx_word' id='word_1_131' title='bbox 1116 1261 1227 1300; x_wconf 83' lang='lat' dir='ltr'>Pers.</span> <span class='ocrx_word' id='word_1_132' title='bbox 1271 1263 1363 1300; x_wconf 91' lang='lat'>110.</span> <span class='ocrx_word' id='word_1_133' title='bbox 1410 1262 1532 1302; x_wconf 86' lang='lat' dir='ltr'>Stich.</span> <span class='ocrx_word' id='word_1_134' title='bbox 1574 1265 1670 1303; x_wconf 84' lang='lat'>339.</span> 
     </span>
     <span class='ocr_line' id='line_1_16' title="bbox 158 1326 1669 1379; baseline 0.003 -14"><span class='ocrx_word' id='word_1_135' title='bbox 158 1328 276 1367; x_wconf 83' lang='lat' dir='ltr'>Truc.</span> <span class='ocrx_word' id='word_1_136' title='bbox 310 1329 407 1366; x_wconf 88' lang='grc'><strong>254.</strong></span> <span class='ocrx_word' id='word_1_137' title='bbox 458 1326 696 1378; x_wconf 82' lang='lat' dir='ltr'>„quicquid“</span> <span class='ocrx_word' id='word_1_138' title='bbox 731 1328 818 1366; x_wconf 90' lang='lat' dir='ltr'>Mil.</span> <span class='ocrx_word' id='word_1_139' title='bbox 853 1329 947 1367; x_wconf 89' lang='lat'>313.</span> <span class='ocrx_word' id='word_1_140' title='bbox 988 1329 1105 1368; x_wconf 84' lang='lat' dir='ltr'>Truc.</span> <span class='ocrx_word' id='word_1_141' title='bbox 1139 1331 1232 1368; x_wconf 90' lang='lat'>253.</span> <span class='ocrx_word' id='word_1_142' title='bbox 1293 1330 1497 1369; x_wconf 74' lang='lat' dir='ltr'>Praeterea</span> <span class='ocrx_word' id='word_1_143' title='bbox 1538 1345 1669 1379; x_wconf 88' lang='lat' dir='ltr'>„acce-</span> 
     </span>
     <span class='ocr_line' id='line_1_17' title="bbox 161 1394 1670 1447; baseline 0.003 -14"><span class='ocrx_word' id='word_1_144' title='bbox 161 1394 280 1447; x_wconf 83' lang='lat' dir='ltr'>pisti“</span> <span class='ocrx_word' id='word_1_145' title='bbox 324 1396 434 1435; x_wconf 89' lang='lat' dir='ltr'>Trin.</span> <span class='ocrx_word' id='word_1_146' title='bbox 468 1397 561 1434; x_wconf 87' lang='lat'>964.</span> <span class='ocrx_word' id='word_1_147' title='bbox 620 1395 878 1447; x_wconf 80' lang='lat' dir='ltr'>„acceptrici“</span> <span class='ocrx_word' id='word_1_148' title='bbox 924 1397 1083 1436; x_wconf 89' lang='lat' dir='ltr'>Trucul.</span> <span class='ocrx_word' id='word_1_149' title='bbox 1118 1398 1211 1436; x_wconf 87' lang='grc'><strong>567.</strong></span> <span class='ocrx_word' id='word_1_150' title='bbox 1270 1397 1505 1446; x_wconf 87' lang='lat' dir='ltr'>„accumbe“</span> <span class='ocrx_word' id='word_1_151' title='bbox 1548 1399 1670 1439; x_wconf 89' lang='lat' dir='ltr'>Most.</span> 
     </span>
     <span class='ocr_line' id='line_1_18' title="bbox 161 1463 1667 1512; baseline 0.002 -10"><span class='ocrx_word' id='word_1_152' title='bbox 161 1465 255 1503; x_wconf 88' lang='lat'>302.</span> <span class='ocrx_word' id='word_1_153' title='bbox 307 1463 509 1512; x_wconf 81' lang='lat' dir='ltr'>„occasio“</span> <span class='ocrx_word' id='word_1_154' title='bbox 544 1465 655 1503; x_wconf 87' lang='lat' dir='ltr'>Pers.</span> <span class='ocrx_word' id='word_1_155' title='bbox 689 1466 783 1503; x_wconf 89' lang='lat'>267.</span> <span class='ocrx_word' id='word_1_156' title='bbox 842 1464 1071 1512; x_wconf 86' lang='lat' dir='ltr'>„occidere“</span> <span class='ocrx_word' id='word_1_157' title='bbox 1107 1466 1194 1504; x_wconf 81' lang='lat' dir='ltr'>Mil.</span> <span class='ocrx_word' id='word_1_158' title='bbox 1231 1467 1352 1505; x_wconf 90' lang='lat'>1281.</span> <span class='ocrx_word' id='word_1_159' title='bbox 1385 1467 1474 1505; x_wconf 88' lang='lat' dir='ltr'>Ter.</span> <span class='ocrx_word' id='word_1_160' title='bbox 1506 1467 1667 1506; x_wconf 88' lang='lat' dir='ltr'>Phorm.</span> 
     </span>
     <span class='ocr_line' id='line_1_19' title="bbox 163 1531 1666 1585; baseline 0.003 -15"><span class='ocrx_word' id='word_1_161' title='bbox 163 1533 256 1571; x_wconf 87' lang='lat'>143.</span> <span class='ocrx_word' id='word_1_162' title='bbox 307 1531 543 1583; x_wconf 84' lang='lat' dir='ltr'>„occepisti“</span> <span class='ocrx_word' id='word_1_163' title='bbox 578 1532 701 1571; x_wconf 89' lang='lat' dir='ltr'>Merc.</span> <span class='ocrx_word' id='word_1_164' title='bbox 736 1534 830 1571; x_wconf 91' lang='lat'>609.</span> <span class='ocrx_word' id='word_1_165' title='bbox 881 1534 947 1580; x_wconf 86' lang='lat' dir='ltr'>„in</span> <span class='ocrx_word' id='word_1_166' title='bbox 978 1531 1158 1571; x_wconf 86' lang='lat' dir='ltr'>occulto“</span> <span class='ocrx_word' id='word_1_167' title='bbox 1195 1534 1308 1585; x_wconf 88' lang='lat' dir='ltr'>Capt.</span> <span class='ocrx_word' id='word_1_168' title='bbox 1338 1535 1404 1573; x_wconf 83' lang='lat'>83.</span> <span class='ocrx_word' id='word_1_169' title='bbox 1437 1534 1545 1573; x_wconf 88' lang='lat' dir='ltr'>Trin.</span> <span class='ocrx_word' id='word_1_170' title='bbox 1573 1536 1666 1574; x_wconf 90' lang='lat'>664.</span> 
     </span>
     <span class='ocr_line' id='line_1_20' title="bbox 161 1599 1666 1653; baseline 0.002 -15"><span class='ocrx_word' id='word_1_171' title='bbox 161 1601 209 1639; x_wconf 88' lang='lat' dir='ltr'>cf.</span> <span class='ocrx_word' id='word_1_172' title='bbox 222 1601 311 1639; x_wconf 89' lang='lat' dir='ltr'>Ter.</span> <span class='ocrx_word' id='word_1_173' title='bbox 328 1601 472 1638; x_wconf 90' lang='lat' dir='ltr'>Heaut.</span> <span class='ocrx_word' id='word_1_174' title='bbox 488 1602 580 1639; x_wconf 89' lang='lat'>575.</span> <span class='ocrx_word' id='word_1_175' title='bbox 612 1601 712 1638; x_wconf 92' lang='lat' dir='ltr'>Tum</span> <span class='ocrx_word' id='word_1_176' title='bbox 733 1599 957 1648; x_wconf 82' lang='lat' dir='ltr'>„effeceris“</span> <span class='ocrx_word' id='word_1_177' title='bbox 977 1601 1122 1640; x_wconf 89' lang='lat' dir='ltr'>Pseud.</span> <span class='ocrx_word' id='word_1_178' title='bbox 1138 1603 1232 1640; x_wconf 88' lang='lat'>951.</span> <span class='ocrx_word' id='word_1_179' title='bbox 1270 1601 1489 1649; x_wconf 85' lang='lat' dir='ltr'>,‚officium“</span> <span class='ocrx_word' id='word_1_180' title='bbox 1510 1603 1666 1653; x_wconf 78' lang='lat' dir='ltr'>saepius,</span> 
     </span>
     <span class='ocr_line' id='line_1_21' title="bbox 159 1669 1663 1718; baseline 0.001 -11"><span class='ocrx_word' id='word_1_181' title='bbox 159 1683 197 1708; x_wconf 90' lang='lat' dir='ltr'>v.</span> <span class='ocrx_word' id='word_1_182' title='bbox 221 1669 381 1707; x_wconf 78' lang='lat' dir='ltr'>Miiller.</span> <span class='ocrx_word' id='word_1_183' title='bbox 412 1682 451 1718; x_wconf 93' lang='lat' dir='ltr'>p.</span> <span class='ocrx_word' id='word_1_184' title='bbox 479 1670 572 1716; x_wconf 89' lang='lat'>367,</span> <span class='ocrx_word' id='word_1_185' title='bbox 605 1669 674 1706; x_wconf 89' lang='lat' dir='ltr'>sed</span> <span class='ocrx_word' id='word_1_186' title='bbox 705 1669 796 1706; x_wconf 90' lang='lat' dir='ltr'>huic</span> <span class='ocrx_word' id='word_1_187' title='bbox 826 1683 912 1707; x_wconf 86' lang='lat' dir='ltr'>voc.</span> <span class='ocrx_word' id='word_1_188' title='bbox 945 1682 1099 1718; x_wconf 88' lang='lat' dir='ltr'>semper</span> <span class='ocrx_word' id='word_1_189' title='bbox 1136 1670 1339 1707; x_wconf 74' lang='lat' dir='ltr'>antecedit</span> <span class='ocrx_word' id='word_1_190' title='bbox 1376 1673 1443 1708; x_wconf 87' lang='lat' dir='ltr'>aut</span> <span class='ocrx_word' id='word_1_191' title='bbox 1486 1669 1663 1718; x_wconf 87' lang='lat' dir='ltr'>„meum“</span> 
     </span>
     <span class='ocr_line' id='line_1_22' title="bbox 160 1734 1669 1787; baseline 0.001 -12"><span class='ocrx_word' id='word_1_192' title='bbox 160 1741 229 1775; x_wconf 87' lang='lat' dir='ltr'>aut</span> <span class='ocrx_word' id='word_1_193' title='bbox 268 1735 445 1784; x_wconf 83' lang='lat' dir='ltr'>,‚tuum“‚</span> <span class='ocrx_word' id='word_1_194' title='bbox 477 1740 523 1774; x_wconf 85' lang='lat' dir='ltr'>ut</span> <span class='ocrx_word' id='word_1_195' title='bbox 554 1738 673 1774; x_wconf 89' lang='lat' dir='ltr'>etiam</span> <span class='ocrx_word' id='word_1_196' title='bbox 705 1736 752 1774; x_wconf 88' lang='lat' dir='ltr'>de</span> <span class='ocrx_word' id='word_1_197' title='bbox 784 1738 953 1786; x_wconf 86' lang='lat' dir='ltr'>synizesi</span> <span class='ocrx_word' id='word_1_198' title='bbox 985 1738 1150 1787; x_wconf 89' lang='lat' dir='ltr'>cogitari</span> <span class='ocrx_word' id='word_1_199' title='bbox 1180 1739 1318 1787; x_wconf 90' lang='lat' dir='ltr'>possit.</span> <span class='ocrx_word' id='word_1_200' title='bbox 1349 1759 1407 1763; x_wconf 93' lang='lat'><strong>—</strong></span> <span class='ocrx_word' id='word_1_201' title='bbox 1440 1734 1669 1787; x_wconf 61' lang='lat' dir='ltr'>Phililmus</span> 
     </span>
     <span class='ocr_line' id='line_1_23' title="bbox 159 1801 1665 1856; baseline 0.001 -14"><span class='ocrx_word' id='word_1_202' title='bbox 159 1808 200 1842; x_wconf 87' lang='lat' dir='ltr'>et</span> <span class='ocrx_word' id='word_1_203' title='bbox 241 1801 492 1854; x_wconf 63' lang='lat' dir='ltr'>Phihppeus</span> <span class='ocrx_word' id='word_1_204' title='bbox 544 1805 592 1842; x_wconf 88' lang='lat' dir='ltr'>de</span> <span class='ocrx_word' id='word_1_205' title='bbox 644 1806 814 1842; x_wconf 89' lang='lat' dir='ltr'>nummis</span> <span class='ocrx_word' id='word_1_206' title='bbox 859 1819 984 1856; x_wconf 85' lang='lat' dir='ltr'>saepe,</span> <span class='ocrx_word' id='word_1_207' title='bbox 1031 1809 1076 1843; x_wconf 89' lang='lat' dir='ltr'>ut</span> <span class='ocrx_word' id='word_1_208' title='bbox 1114 1806 1200 1844; x_wconf 86' lang='lat' dir='ltr'>Mil.</span> <span class='ocrx_word' id='word_1_209' title='bbox 1244 1807 1366 1844; x_wconf 87' lang='lat'>1054.</span> <span class='ocrx_word' id='word_1_210' title='bbox 1422 1806 1530 1844; x_wconf 87' lang='lat' dir='ltr'>Trin.</span> <span class='ocrx_word' id='word_1_211' title='bbox 1572 1808 1665 1845; x_wconf 85' lang='lat'>955.</span> 
     </span>
     <span class='ocr_line' id='line_1_24' title="bbox 159 1873 1668 1924; baseline 0 -13"><span class='ocrx_word' id='word_1_212' title='bbox 159 1873 265 1912; x_wconf 87' lang='lat' dir='ltr'>Poen.</span> <span class='ocrx_word' id='word_1_213' title='bbox 302 1874 394 1911; x_wconf 86' lang='lat'>166.</span> <span class='ocrx_word' id='word_1_214' title='bbox 429 1874 522 1911; x_wconf 89' lang='lat'>602.</span> <span class='ocrx_word' id='word_1_215' title='bbox 558 1874 652 1911; x_wconf 89' lang='lat'>717.</span> <span class='ocrx_word' id='word_1_216' title='bbox 714 1873 849 1911; x_wconf 87' lang='lat' dir='ltr'>Media</span> <span class='ocrx_word' id='word_1_217' title='bbox 885 1873 1004 1922; x_wconf 84' lang='lat' dir='ltr'>longa</span> <span class='ocrx_word' id='word_1_218' title='bbox 1045 1877 1153 1911; x_wconf 85' lang='lat' dir='ltr'>extat</span> <span class='ocrx_word' id='word_1_219' title='bbox 1199 1875 1239 1911; x_wconf 93' lang='lat' dir='ltr'>in</span> <span class='ocrx_word' id='word_1_220' title='bbox 1284 1887 1464 1924; x_wconf 86' lang='lat' dir='ltr'>personae</span> <span class='ocrx_word' id='word_1_221' title='bbox 1510 1875 1668 1912; x_wconf 89' lang='lat' dir='ltr'>nomine</span> 
     </span>
     <span class='ocr_line' id='line_1_25' title="bbox 159 1941 1669 1992; baseline 0 -13"><span class='ocrx_word' id='word_1_222' title='bbox 159 1942 250 1980; x_wconf 90' lang='lat' dir='ltr'>Aul.</span> <span class='ocrx_word' id='word_1_223' title='bbox 285 1942 350 1980; x_wconf 89' lang='lat'>86.</span> <span class='ocrx_word' id='word_1_224' title='bbox 386 1941 480 1979; x_wconf 91' lang='lat'>694.</span> <span class='ocrx_word' id='word_1_225' title='bbox 512 1941 630 1992; x_wconf 89' lang='lat' dir='ltr'>Epid.</span> <span class='ocrx_word' id='word_1_226' title='bbox 667 1942 767 1988; x_wconf 77' lang='lat'>6263</span> <span class='ocrx_word' id='word_1_227' title='bbox 802 1941 870 1979; x_wconf 86' lang='lat' dir='ltr'>sed</span> <span class='ocrx_word' id='word_1_228' title='bbox 900 1941 975 1980; x_wconf 90' lang='lat' dir='ltr'>hoc</span> <span class='ocrx_word' id='word_1_229' title='bbox 1006 1942 1217 1979; x_wconf 86' lang='lat' dir='ltr'>discrimen</span> <span class='ocrx_word' id='word_1_230' title='bbox 1248 1943 1381 1992; x_wconf 87' lang='lat' dir='ltr'>potius</span> <span class='ocrx_word' id='word_1_231' title='bbox 1412 1943 1519 1980; x_wconf 86' lang='lat' dir='ltr'>casui</span> <span class='ocrx_word' id='word_1_232' title='bbox 1550 1956 1669 1992; x_wconf 90' lang='lat' dir='ltr'>quam</span> 
     </span>
     <span class='ocr_line' id='line_1_26' title="bbox 160 2008 1662 2061; baseline 0.001 -14"><span class='ocrx_word' id='word_1_233' title='bbox 160 2010 321 2048; x_wconf 90' lang='lat' dir='ltr'>consilio</span> <span class='ocrx_word' id='word_1_234' title='bbox 359 2009 582 2046; x_wconf 87' lang='lat' dir='ltr'>tribuerim.</span> <span class='ocrx_word' id='word_1_235' title='bbox 643 2009 842 2047; x_wconf 88' lang='lat' dir='ltr'>Praeterea</span> <span class='ocrx_word' id='word_1_236' title='bbox 886 2008 1100 2060; x_wconf 79' lang='lat' dir='ltr'>„apparet“</span> <span class='ocrx_word' id='word_1_237' title='bbox 1143 2010 1286 2061; x_wconf 89' lang='lat' dir='ltr'>Amph.</span> <span class='ocrx_word' id='word_1_238' title='bbox 1321 2011 1415 2049; x_wconf 90' lang='lat'>786.</span> <span class='ocrx_word' id='word_1_239' title='bbox 1466 2008 1662 2061; x_wconf 84' lang='lat' dir='ltr'>„sagitta“</span> 
     </span>
     <span class='ocr_line' id='line_1_27' title="bbox 159 2076 1666 2128; baseline 0.001 -12"><span class='ocrx_word' id='word_1_240' title='bbox 159 2077 249 2116; x_wconf 88' lang='lat' dir='ltr'>Aul.</span> <span class='ocrx_word' id='word_1_241' title='bbox 292 2079 386 2115; x_wconf 82' lang='lat'>387.</span> <span class='ocrx_word' id='word_1_242' title='bbox 436 2077 546 2116; x_wconf 86' lang='lat' dir='ltr'>Pers.</span> <span class='ocrx_word' id='word_1_243' title='bbox 587 2078 653 2115; x_wconf 78' lang='lat'>25.</span> <span class='ocrx_word' id='word_1_244' title='bbox 728 2077 862 2115; x_wconf 84' lang='lat' dir='ltr'>Etiam</span> <span class='ocrx_word' id='word_1_245' title='bbox 911 2076 1062 2125; x_wconf 87' lang='lat' dir='ltr'>„adde“</span> <span class='ocrx_word' id='word_1_246' title='bbox 1112 2077 1230 2128; x_wconf 85' lang='lat' dir='ltr'>Epid.</span> <span class='ocrx_word' id='word_1_247' title='bbox 1271 2079 1368 2117; x_wconf 86' lang='lat'>470.</span> <span class='ocrx_word' id='word_1_248' title='bbox 1421 2078 1530 2117; x_wconf 91' lang='lat' dir='ltr'>Trin.</span> <span class='ocrx_word' id='word_1_249' title='bbox 1572 2080 1666 2117; x_wconf 84' lang='lat'>385.</span> 
     </span>
     <span class='ocr_line' id='line_1_28' title="bbox 164 2144 706 2199; baseline 0.002 -16"><span class='ocrx_word' id='word_1_250' title='bbox 164 2144 334 2194; x_wconf 85' lang='lat' dir='ltr'>„redde“</span> <span class='ocrx_word' id='word_1_251' title='bbox 374 2145 495 2184; x_wconf 91' lang='lat' dir='ltr'>Stich.</span> <span class='ocrx_word' id='word_1_252' title='bbox 529 2147 625 2184; x_wconf 91' lang='lat'>763.</span> <span class='ocrx_word' id='word_1_253' title='bbox 696 2194 706 2199; x_wconf 36' lang='lat'>¹</span> 
     </span>
    </p>

    <p class='ocr_par' dir='ltr' id='par_1_4' title="bbox 158 2211 1680 2875">
     <span class='ocr_line' id='line_1_29' title="bbox 273 2211 1668 2261; baseline 0 -10"><span class='ocrx_word' id='word_1_254' title='bbox 273 2211 333 2252; x_wconf 86' lang='lat' dir='ltr'><em>M</em></span> <span class='ocrx_word' id='word_1_255' title='bbox 362 2214 538 2252; x_wconf 83' lang='lat' dir='ltr'>litteram</span> <span class='ocrx_word' id='word_1_256' title='bbox 580 2216 734 2251; x_wconf 86' lang='lat' dir='ltr'>constat</span> <span class='ocrx_word' id='word_1_257' title='bbox 786 2214 850 2261; x_wconf 85' lang='lat' dir='ltr'>„in</span> <span class='ocrx_word' id='word_1_258' title='bbox 897 2214 1148 2251; x_wconf 82' lang='lat' dir='ltr'>extremitate</span> <span class='ocrx_word' id='word_1_259' title='bbox 1195 2214 1411 2252; x_wconf 81' lang='lat' dir='ltr'>dictionum</span> <span class='ocrx_word' id='word_1_260' title='bbox 1456 2214 1668 2252; x_wconf 88' lang='lat' dir='ltr'>obscurum</span> 
     </span>
     <span class='ocr_line' id='line_1_30' title="bbox 159 2281 1668 2329; baseline 0 -9"><span class='ocrx_word' id='word_1_261' title='bbox 159 2281 359 2329; x_wconf 88' lang='lat' dir='ltr'>sonasse“‚</span> <span class='ocrx_word' id='word_1_262' title='bbox 391 2285 436 2319; x_wconf 91' lang='lat' dir='ltr'>ut</span> <span class='ocrx_word' id='word_1_263' title='bbox 466 2283 522 2319; x_wconf 90' lang='lat' dir='ltr'>ait</span> <span class='ocrx_word' id='word_1_264' title='bbox 551 2282 740 2319; x_wconf 86' lang='lat' dir='ltr'>Priscian.</span> <span class='ocrx_word' id='word_1_265' title='bbox 772 2281 812 2329; x_wconf 94' lang='grc' dir='ltr'>Ι,</span> <span class='ocrx_word' id='word_1_266' title='bbox 847 2283 919 2329; x_wconf 89' lang='grc'><strong>38,</strong></span> <span class='ocrx_word' id='word_1_267' title='bbox 953 2281 1001 2320; x_wconf 92' lang='lat' dir='ltr'>cf.</span> <span class='ocrx_word' id='word_1_268' title='bbox 1034 2281 1268 2328; x_wconf 84' lang='lat' dir='ltr'>Quintilian.</span> <span class='ocrx_word' id='word_1_269' title='bbox 1300 2282 1377 2329; x_wconf 90' lang='lat' dir='ltr'>IX,</span> <span class='ocrx_word' id='word_1_270' title='bbox 1411 2283 1455 2329; x_wconf 91' lang='lat'>4,</span> <span class='ocrx_word' id='word_1_271' title='bbox 1489 2283 1562 2329; x_wconf 90' lang='lat'>40,</span> <span class='ocrx_word' id='word_1_272' title='bbox 1595 2295 1668 2320; x_wconf 87' lang='lat' dir='ltr'>nec</span> 
     </span>
     <span class='ocr_line' id='line_1_31' title="bbox 160 2349 1667 2400; baseline 0.001 -14"><span class='ocrx_word' id='word_1_273' title='bbox 160 2350 386 2400; x_wconf 88' lang='lat' dir='ltr'>prohibere,</span> <span class='ocrx_word' id='word_1_274' title='bbox 419 2362 497 2398; x_wconf 92' lang='lat' dir='ltr'>quo</span> <span class='ocrx_word' id='word_1_275' title='bbox 529 2350 656 2386; x_wconf 89' lang='lat' dir='ltr'>minus</span> <span class='ocrx_word' id='word_1_276' title='bbox 679 2349 811 2387; x_wconf 85' lang='lat' dir='ltr'>hiatus</span> <span class='ocrx_word' id='word_1_277' title='bbox 836 2349 1014 2387; x_wconf 86' lang='lat' dir='ltr'>offendat</span> <span class='ocrx_word' id='word_1_278' title='bbox 1040 2353 1109 2387; x_wconf 84' lang='lat' dir='ltr'>aut</span> <span class='ocrx_word' id='word_1_279' title='bbox 1133 2350 1290 2387; x_wconf 90' lang='lat' dir='ltr'>vocales</span> <span class='ocrx_word' id='word_1_280' title='bbox 1314 2363 1386 2400; x_wconf 92' lang='lat' dir='ltr'>per</span> <span class='ocrx_word' id='word_1_281' title='bbox 1410 2350 1667 2400; x_wconf 84' lang='lat' dir='ltr'>synaloephen</span> 
     </span>
     <span class='ocr_line' id='line_1_32' title="bbox 158 2416 1667 2467; baseline 0 -12"><span class='ocrx_word' id='word_1_282' title='bbox 158 2418 264 2455; x_wconf 88' lang='lat' dir='ltr'>coire</span> <span class='ocrx_word' id='word_1_283' title='bbox 302 2417 526 2455; x_wconf 85' lang='lat' dir='ltr'>iubeantur.</span> <span class='ocrx_word' id='word_1_284' title='bbox 587 2417 727 2467; x_wconf 85' lang='lat' dir='ltr'>Itaque</span> <span class='ocrx_word' id='word_1_285' title='bbox 767 2418 807 2454; x_wconf 91' lang='lat' dir='ltr'>in</span> <span class='ocrx_word' id='word_1_286' title='bbox 848 2419 1021 2467; x_wconf 85' lang='lat' dir='ltr'>antiquis</span> <span class='ocrx_word' id='word_1_287' title='bbox 1067 2417 1195 2455; x_wconf 87' lang='lat' dir='ltr'>titulis</span> <span class='ocrx_word' id='word_1_288' title='bbox 1239 2431 1319 2455; x_wconf 91' lang='lat' dir='ltr'>non</span> <span class='ocrx_word' id='word_1_289' title='bbox 1357 2430 1447 2454; x_wconf 88' lang='lat' dir='ltr'>raro</span> <span class='ocrx_word' id='word_1_290' title='bbox 1478 2428 1520 2455; x_wconf 76' lang='lat' dir='ltr'>‘m</span> <span class='ocrx_word' id='word_1_291' title='bbox 1549 2416 1667 2455; x_wconf 87' lang='lat' dir='ltr'>finale</span> 
     </span>
     <span class='ocr_line' id='line_1_33' title="bbox 159 2484 1665 2535; baseline -0.001 -12"><span class='ocrx_word' id='word_1_292' title='bbox 159 2486 374 2532; x_wconf 88' lang='lat' dir='ltr'>omittitur,</span> <span class='ocrx_word' id='word_1_293' title='bbox 407 2499 443 2523; x_wconf 89' lang='lat' dir='ltr'>v.</span> <span class='ocrx_word' id='word_1_294' title='bbox 476 2484 598 2523; x_wconf 87' lang='lat' dir='ltr'>Indic.</span> <span class='ocrx_word' id='word_1_295' title='bbox 633 2485 746 2534; x_wconf 87' lang='lat' dir='ltr'>Corp.</span> <span class='ocrx_word' id='word_1_296' title='bbox 779 2485 901 2523; x_wconf 91' lang='lat' dir='ltr'>Inscr.</span> <span class='ocrx_word' id='word_1_297' title='bbox 933 2485 1022 2523; x_wconf 87' lang='lat' dir='ltr'>Lat.</span> <span class='ocrx_word' id='word_1_298' title='bbox 1054 2485 1092 2532; x_wconf 93' lang='lat' dir='ltr'>I,</span> <span class='ocrx_word' id='word_1_299' title='bbox 1124 2498 1162 2535; x_wconf 91' lang='lat' dir='ltr'>p.</span> <span class='ocrx_word' id='word_1_300' title='bbox 1197 2486 1291 2523; x_wconf 90' lang='lat'>607.</span> <span class='ocrx_word' id='word_1_301' title='bbox 1354 2485 1482 2523; x_wconf 90' lang='lat' dir='ltr'>Huius</span> <span class='ocrx_word' id='word_1_302' title='bbox 1520 2485 1665 2523; x_wconf 85' lang='lat' dir='ltr'>litterae</span> 
     </span>
     <span class='ocr_line' id='line_1_34' title="bbox 159 2553 1666 2603; baseline 0 -13"><span class='ocrx_word' id='word_1_303' title='bbox 159 2553 342 2590; x_wconf 84' lang='lat' dir='ltr'>debilitas</span> <span class='ocrx_word' id='word_1_304' title='bbox 397 2553 517 2590; x_wconf 89' lang='lat' dir='ltr'>etiam</span> <span class='ocrx_word' id='word_1_305' title='bbox 572 2556 662 2590; x_wconf 88' lang='lat' dir='ltr'>ante</span> <span class='ocrx_word' id='word_1_306' title='bbox 713 2556 974 2590; x_wconf 86' lang='lat' dir='ltr'>consonantes</span> <span class='ocrx_word' id='word_1_307' title='bbox 1018 2553 1218 2590; x_wconf 88' lang='lat' dir='ltr'>interdum</span> <span class='ocrx_word' id='word_1_308' title='bbox 1264 2556 1449 2603; x_wconf 89' lang='lat' dir='ltr'>apparet,</span> <span class='ocrx_word' id='word_1_309' title='bbox 1496 2553 1666 2591; x_wconf 84' lang='lat' dir='ltr'>maxime</span> 
     </span>
     <span class='ocr_line' id='line_1_35' title="bbox 158 2618 1680 2670; baseline -0.001 -12"><span class='ocrx_word' id='word_1_310' title='bbox 158 2621 200 2658; x_wconf 90' lang='lat' dir='ltr'>in</span> <span class='ocrx_word' id='word_1_311' title='bbox 245 2621 450 2670; x_wconf 86' lang='lat' dir='ltr'>particulis</span> <span class='ocrx_word' id='word_1_312' title='bbox 501 2618 611 2658; x_wconf 70' lang='lat' dir='ltr'>enim</span> <span class='ocrx_word' id='word_1_313' title='bbox 657 2623 697 2658; x_wconf 86' lang='lat' dir='ltr'>et</span> <span class='ocrx_word' id='word_1_314' title='bbox 743 2618 930 2669; x_wconf 71' lang='lat' dir='ltr'>quidem,</span> <span class='ocrx_word' id='word_1_315' title='bbox 978 2634 1064 2670; x_wconf 84' lang='lat' dir='ltr'>quae</span> <span class='ocrx_word' id='word_1_316' title='bbox 1110 2634 1196 2658; x_wconf 91' lang='lat' dir='ltr'>cum</span> <span class='ocrx_word' id='word_1_317' title='bbox 1243 2621 1475 2658; x_wconf 87' lang='lat' dir='ltr'>consonanti</span> <span class='ocrx_word' id='word_1_318' title='bbox 1522 2621 1680 2664; x_wconf 69' lang='lat' dir='ltr'>initialiv</span> 
     </span>
     <span class='ocr_line' id='line_1_36' title="bbox 158 2688 1665 2738; baseline 0 -13"><span class='ocrx_word' id='word_1_319' title='bbox 158 2689 330 2738; x_wconf 85' lang='lat' dir='ltr'>proximi</span> <span class='ocrx_word' id='word_1_320' title='bbox 368 2688 552 2726; x_wconf 87' lang='lat' dir='ltr'>vocabuli</span> <span class='ocrx_word' id='word_1_321' title='bbox 590 2689 829 2738; x_wconf 85' lang='lat' dir='ltr'>positionem</span> <span class='ocrx_word' id='word_1_322' title='bbox 868 2689 997 2726; x_wconf 89' lang='lat' dir='ltr'>facere</span> <span class='ocrx_word' id='word_1_323' title='bbox 1036 2702 1114 2726; x_wconf 91' lang='lat' dir='ltr'>non</span> <span class='ocrx_word' id='word_1_324' title='bbox 1152 2689 1295 2727; x_wconf 87' lang='lat' dir='ltr'>solent.</span> <span class='ocrx_word' id='word_1_325' title='bbox 1356 2688 1456 2726; x_wconf 90' lang='lat' dir='ltr'>Nam</span> <span class='ocrx_word' id='word_1_326' title='bbox 1488 2689 1555 2738; x_wconf 90' lang='lat' dir='ltr'>qui</span> <span class='ocrx_word' id='word_1_327' title='bbox 1586 2689 1665 2738; x_wconf 88' lang='lat' dir='ltr'>pri-</span> 
     </span>
     <span class='ocr_line' id='line_1_37' title="bbox 159 2751 1663 2808; baseline 0.001 -16"><span class='ocrx_word' id='word_1_328' title='bbox 159 2769 260 2793; x_wconf 84' lang='lat' dir='ltr'>mam</span> <span class='ocrx_word' id='word_1_329' title='bbox 299 2770 434 2794; x_wconf 87' lang='lat' dir='ltr'>eorum</span> <span class='ocrx_word' id='word_1_330' title='bbox 474 2756 649 2794; x_wconf 82' lang='lat' dir='ltr'>vocalem</span> <span class='ocrx_word' id='word_1_331' title='bbox 688 2770 859 2808; x_wconf 85' lang='lat' dir='ltr'>syncope</span> <span class='ocrx_word' id='word_1_332' title='bbox 897 2757 1080 2794; x_wconf 88' lang='lat' dir='ltr'>haustam</span> <span class='ocrx_word' id='word_1_333' title='bbox 1112 2761 1304 2807; x_wconf 88' lang='lat' dir='ltr'>putarunt</span> <span class='ocrx_word' id='word_1_334' title='bbox 1337 2755 1467 2804; x_wconf 86' lang='lat' dir='ltr'>(⁷nim,</span> <span class='ocrx_word' id='word_1_335' title='bbox 1500 2751 1663 2807; x_wconf 84' lang='lat' dir='ltr'>q&#39;dem),</span> 
     </span>
     <span class='ocr_line' id='line_1_38' title="bbox 158 2824 1664 2875; baseline 0 -14"><span class='ocrx_word' id='word_1_336' title='bbox 158 2824 187 2861; x_wconf 88' lang='lat' dir='ltr'>ii</span> <span class='ocrx_word' id='word_1_337' title='bbox 219 2824 315 2861; x_wconf 88' lang='lat' dir='ltr'>mihi</span> <span class='ocrx_word' id='word_1_338' title='bbox 345 2824 530 2862; x_wconf 86' lang='lat' dir='ltr'>videntur</span> <span class='ocrx_word' id='word_1_339' title='bbox 561 2825 846 2875; x_wconf 86' lang='lat' dir='ltr'>pronuntiandi</span> <span class='ocrx_word' id='word_1_340' title='bbox 871 2825 1065 2863; x_wconf 85' lang='lat' dir='ltr'>rationem</span> <span class='ocrx_word' id='word_1_341' title='bbox 1096 2826 1212 2863; x_wconf 89' lang='lat' dir='ltr'>nimis</span> <span class='ocrx_word' id='word_1_342' title='bbox 1247 2825 1453 2863; x_wconf 85' lang='lat' dir='ltr'>obscuram</span> <span class='ocrx_word' id='word_1_343' title='bbox 1485 2825 1664 2861; x_wconf 88' lang='lat' dir='ltr'>minime-</span> 
     </span>
    </p>
   </div>
  </div>
 </body>
</html>
