1926 3275
775 286 817 321 V.
843 287 1034 321 coo—640.
1571 292 1653 332 409

157 429 242 454 esse
286 415 360 453 hoc
404 415 533 453 facere
572 415 836 454 effeminatum
875 430 1050 464 servum,
1089 416 1152 453 cui
1188 417 1265 467 ipsi
1300 420 1379 454 tam
1419 418 1576 455 solitum
1615 422 1656 456 et

155 497 279 535 prope
309 484 571 521 necessarium
601 486 653 522 sit
681 485 884 522 verberari
918 498 1034 534 quam
1066 484 1196 522 cibum
1228 498 1378 535 capere.
1403 505 1460 510 —
1491 483 1652 525 calami-

157 552 301 600 Sbrate,
325 554 350 590 i.
377 566 410 590 e.
436 554 546 590 cuius
570 566 679 590 coma
703 553 928 591 calamistro
953 554 1126 603 crispata
1149 556 1220 590 est.
1245 573 1301 579 -
1327 554 1419 591 621.
1443 554 1540 592 Post
1565 551 1654 592 Cibo

155 620 288 658 hiatus
304 621 344 658 in
362 634 519 658 caesura.
534 641 590 646 —
608 622 700 659 623.
717 620 814 658 Post
831 618 903 670 qui
917 621 1071 668 hiatur3
1089 635 1168 659 non
1185 634 1281 671 opus
1299 626 1359 660 est
1375 636 1446 660 nec
1462 626 1507 659 ut
1522 625 1652 660 trans-

154 692 327 739 ponatur
362 688 513 735 „Hodie
545 687 653 739 qui“,
685 702 756 726 nec
778 692 822 726 ut
846 702 930 726 cum
947 689 1118 727 Mullero
1155 704 1302 740 „usque
1333 688 1406 728 ad“
1442 690 1651 728 scribatur.

155 776 210 782 —
239 754 360 795 hodie
389 767 634 807 numquam,
666 770 702 795 v.
736 757 784 794 ad
816 757 960 808 Amph.
990 759 1082 796 394.
1115 779 1170 783 --
1203 760 1296 797 624.
1327 760 1408 797 Aut
1439 762 1529 809 post
1560 769 1652 797 amo

155 824 288 862 hiatur
332 829 489 863 retenta
535 827 652 863 etiam
691 825 939 876 longitudine
977 827 1141 874 vocalis,
1189 831 1256 865 aut
1301 827 1450 877 aliquid
1496 827 1651 864 excidit.

153 892 345 931 Fleckeis.
381 897 446 940 „et
478 891 647 941 [itidem]
687 893 783 931 haec
819 892 904 931 me“
940 894 1021 942 ed.,
1061 898 1199 944 postea
1237 895 1416 945 praetulit
1465 898 1528 942 „et
1556 895 1653 932 haec

152 974 213 998 me
246 959 417 1009 [contra]
451 960 596 1008 amat“,
631 962 719 1000 coll.
746 962 832 1000 Mil.
861 963 952 1000 101.
987 983 1038 986 —
1068 962 1164 1001 Mox
1193 974 1401 1013 nusquam
1430 977 1503 1014 pro
1534 974 1651 1001 mem-

153 1039 275 1079 quam
319 1029 412 1066 olim
459 1029 724 1067 emendatum.
787 1030 966 1068 Ceterum
1005 1030 1151 1068 Miiller
1189 1031 1372 1069 damnato
1417 1032 1491 1070 hoc
1535 1045 1651 1070 versu

152 1097 369 1134 scribebat:
430 1098 553 1145 „Quia
596 1098 689 1135 hinc
732 1111 793 1135 me
840 1097 1057 1135 amantem“
1109 1103 1203 1146 etc.,
1250 1101 1305 1137 sic
1347 1100 1500 1137 demum
1548 1105 1652 1138 recte

151 1165 384 1216 responderi
424 1166 652 1204 arbitratus.
715 1165 792 1204 Sed
836 1166 1010 1216 vulgaris
1056 1167 1258 1205 hominum
1304 1181 1429 1205 sermo
1475 1182 1552 1206 non
1596 1170 1653 1206 ita

152 1234 368 1271 sententias
406 1235 529 1271 nectit
568 1238 608 1271 et
645 1234 943 1285 comprehendit
974 1239 1018 1272 ut
1049 1235 1251 1273 rhetorum
1284 1236 1492 1286 disciplina
1523 1237 1651 1274 excul-

150 1306 233 1348 tus,
267 1315 343 1351 quo
375 1303 429 1339 sic
459 1302 611 1340 dictum
642 1306 764 1340 esset:
808 1303 924 1349 Quia,
960 1317 1079 1353 quum
1111 1317 1181 1354 ego
1211 1304 1310 1342 hanc
1341 1318 1467 1342 amem
1499 1307 1538 1342 et
1568 1305 1650 1342 haec

150 1384 229 1417 me,
261 1384 342 1408 non
374 1374 444 1418 est,
478 1371 584 1420 quod
617 1370 716 1408 dem.
748 1391 804 1395 ———
837 1372 928 1409 625.
963 1369 1058 1410 med
1087 1376 1196 1409 extat
1224 1373 1264 1409 in
1295 1372 1346 1418 B;
1379 1372 1397 1409 Ι
1429 1373 1647 1422 ceterique:

156 1452 239 1486 „me
276 1437 554 1485 clamantem“,
602 1438 708 1488 quod
753 1452 800 1476 ex
844 1439 912 1476 illo
958 1444 1086 1477 ortum
1128 1444 1199 1478 est.
1238 1461 1293 1465 —
1334 1437 1483 1491 deleyit
1521 1441 1647 1488 codd.‚

151 1507 256 1556 quod
288 1520 420 1544 errore
452 1507 623 1557 quodam
654 1507 771 1544 Nonii
802 1521 840 1558 p.
869 1509 948 1546 290
980 1508 1143 1546 fuerunt
1175 1510 1241 1558 qui
1275 1509 1542 1547 defenderent.
1590 1509 1648 1546 Fl.

149 1588 196 1612 ex
236 1576 400 1625 antiqua
439 1575 713 1613 emendatione
754 1574 941 1623 „eiecit“;
981 1576 1050 1613 sed
1082 1578 1262 1627 quamvis
1293 1577 1500 1615 antecedat
1536 1576 1648 1624 ,‚·ex“,

150 1644 281 1681 nescio
314 1657 364 1680 an
395 1641 541 1682 deiecit
569 1644 664 1681 ferri
694 1644 832 1694 possit.
865 1664 922 1669 —
954 1645 1046 1683 626.
1079 1645 1220 1683 Hiatus
1251 1649 1342 1696 post
1372 1656 1435 1683 me
1466 1647 1530 1682 vix
1559 1659 1648 1696 pro-

148 1710 314 1758 babilis3
359 1710 494 1758 „med“
536 1713 612 1762 legi
650 1712 785 1762 possit.
846 1711 906 1750 Fl.
939 1717 1112 1763 transp:
1150 1713 1224 1760 „ad
1254 1717 1418 1751 mortem
1457 1712 1560 1751 me“.
1594 1734 1650 1738 —

153 1781 246 1818 627.
278 1776 493 1818 Diabolus
516 1781 683 1818 alteram
707 1780 908 1830 dipodiam
936 1782 1140 1829 terminat3
1173 1786 1263 1819 ante
1289 1782 1470 1819 diaeresin
1493 1782 1649 1833 pyrrhi-

152 1848 260 1885 chius
291 1861 364 1898 pro
397 1849 540 1895 iambo,
575 1848 621 1886 cf.
651 1850 743 1887 587.
767 1869 823 1872 —
847 1845 1023 1887 (laturus
1053 1863 1127 1900 pro
1165 1863 1228 1896 „se
1257 1848 1482 1897 datm-affl,
1516 1849 1651 1887 Graeca

150 1920 361 1963 structura,
394 1917 440 1955 cf.
467 1916 594 1954 Catul.
621 1918 658 1964 4,
686 1919 728 1954 2:
767 1919 847 1965 „ait
880 1918 996 1955 fuisse
1028 1919 1185 1955 navium
1218 1916 1485 1955 cele1·rimus“.
1531 1917 1648 1967 Verg.

150 1985 242 2022 AEn.
274 1985 324 2032 H,
359 1986 459 2023 377:
507 1986 653 2032 „sensit
682 1986 831 2023 medios
863 1986 1048 2036 delapsus
1079 1988 1120 2023 in
1151 1985 1321 2024 hostes“.
1382 1986 1477 2023 Hor.
1510 1985 1585 2036 Ep.
1617 1986 1646 2032 I,

152 2055 187 2100 7,
209 2055 281 2091 22:
310 2053 463 2103 „dignis
488 2054 544 2091 ait
560 2067 642 2091 esse
658 2053 862 2103 paratus“.
891 2055 938 2092 al.
956 2075 1012 2080 —
1031 2056 1123 2092 631.
1152 2050 1274 2092 Bono
1299 2052 1438 2093 (mimo
1465 2065 1520 2103 es,
1546 2068 1646 2100 uam,

151 2123 278 2160 sinon
296 2122 416 2169 dedit,
442 2135 519 2159 non
545 2126 604 2162 est
623 2122 729 2172 quod
745 2123 896 2160 timeas.
914 2143 970 2149 ——
989 2124 1081 2161 632.
1109 2119 1156 2161 Si
1179 2121 1282 2173 quid
1303 2120 1380 2171 uis,
1407 2137 1457 2160 sc.
1484 2126 1649 2173 paratus

150 2204 247 2228 sum.
260 2210 317 2215 —
334 2191 428 2228 633.
446 2191 706 2241 Argyrippus,
726 2191 833 2240 quod
850 2193 952 2228 servi
970 2191 1125 2229 collatis
1144 2192 1340 2241 capitibus
1359 2192 1647 2240 colloquuntur,

150 2260 371 2310 suspicione
411 2259 546 2308 aliqua
585 2264 803 2297 commotus
842 2260 938 2297 dicit
976 2273 1040 2297 eos
1073 2256 1213 2298 eadem
1246 2269 1366 2308 opera
1401 2257 1495 2306 (vid.
1528 2271 1648 2308 supra

151 2327 199 2364 ad
231 2341 265 2365 v.
301 2325 371 2375 98)
411 2329 515 2365 inter
553 2341 592 2365 se
633 2328 835 2377 complecti
866 2341 999 2377 posse,
1034 2328 1152 2378 idque
1184 2329 1341 2365 svavius
1372 2328 1561 2364 futurum.
1593 2346 1648 2350 -

152 2397 244 2433 634.
278 2405 403 2445 (teque
434 2410 505 2433 em.
540 2396 599 2433 ed.
632 2409 691 2445 pr.
724 2416 779 2420 —
812 2397 905 2433 636.
938 2396 982 2432 111
1015 2396 1099 2433 cod.
1131 2396 1222 2433 huic
1260 2398 1390 2432 versui
1430 2394 1648 2445 praefigitur

149 2464 323 2511 ADOL.,
364 2469 454 2502 ante
498 2463 677 2511 „Meum“
724 2468 851 2501 autem
884 2463 1056 2510 LEON.,
1089 2468 1299 2513 utrumque
1331 2476 1470 2513 prave3
1503 2463 1644 2500 Libani

151 2534 280 2570 oratio
320 2535 585 2571 continuatur.
649 2529 763 2570 Haec
793 2531 1025 2569 Philaenium
1066 2536 1143 2578 est,
1187 2546 1256 2569 nec
1297 2532 1457 2582 probari
1503 2535 1644 2581 potest,

151 2601 254 2651 quod
278 2600 416 2639 Lamb.
449 2601 564 2638 Both.
596 2601 655 2638 Fl.
690 2600 975 2638 substituerunt
1012 2599 1136 2645 .,hie“.
1169 2620 1225 2624 —
1257 2601 1350 2637 637.
1383 2601 1486 2636 Ante
1516 2596 1644 2647 facisc-

151 2679 243 2707 mzts
281 2669 442 2707 auditur
479 2669 542 2717 ut,
582 2669 659 2706 vid.
701 2668 749 2705 ad
780 2667 921 2717 Amph.
960 2669 1020 2705 12.
1054 2689 1107 2693 ——
1141 2669 1233 2705 630.
1273 2664 1489 2706 Concedite
1527 2665 1643 2716 istnc,

151 2736 320 2774 secedite
351 2720 479 2784 inodo,
512 2742 556 2775 ut
587 2737 751 2775 consilia
782 2736 1009 2774 conferatis.
1059 2736 1199 2787 Sperat
1233 2750 1296 2773 eos
1328 2736 1478 2785 aliquid
1509 2737 1643 2773 inven-

149 2808 270 2852 turos,
297 2805 401 2854 quod
426 2805 501 2843 sibi
524 2807 660 2855 prosit.
677 2825 733 2829 --
752 2800 943 2853 Dissmcst
966 2804 1077 2841 codd.
1104 2809 1248 2855 praeter
1264 2804 1307 2842 B.
1333 2825 1387 2828 —
1413 2805 1505 2841 640.
1532 2804 1643 2850 Quod

150 2872 209 2909 Fl.
248 2872 333 2919 ‚‚te“
368 2887 442 2924 pro
474 2884 537 2911 me
568 2873 712 2919 edidit,
747 2873 871 2910 errori
903 2873 1189 2923 typographico
1223 2873 1357 2909 deberi
1389 2872 1556 2909 videtur.
1589 2891 1641 2895 —
