1926 3275
182 276 263 315 376
843 268 1026 304 Asinaria.

182 397 379 448 abstulit).
429 400 593 437 Plautus
624 400 664 436 in
694 399 880 436 Asinaria
910 401 1044 435 metuo
1078 411 1164 435 cum
1195 397 1277 435 11116
1308 398 1535 436 obseevavit
1566 394 1687 435 etc.“.

179 469 296 507 Unde
314 468 560 506 Camerarius
584 480 719 505 verum
743 466 907 504 verbum
931 466 1120 503 restituit.
1161 465 1284 502 Extat
1308 466 1426 503 etiam
1443 465 1563 503 Stich.
1582 466 1688 502 462:

186 537 320 585 „Bona
356 536 410 573 mi
450 548 593 573 scaeua
625 532 922 572 obscaeuauit“.
984 533 1133 571 Scaeua
1172 546 1287 571 omen
1326 537 1403 581 est,
1443 533 1523 571 vid.
1556 532 1688 570 Casin.

184 606 263 643 892
296 618 353 654 sq.
408 603 549 641 Pseud.
586 604 706 640 1136.
767 601 821 638 Et
865 602 905 639 in
950 601 1053 638 bono
1100 604 1139 638 et
1183 601 1224 638 in
1268 601 1372 638 malo
1418 601 1546 638 omine
1591 599 1686 649 poni

182 673 329 710 diserte
359 675 532 708 testatur
560 671 668 707 Fest.
700 683 738 719 p.
766 671 859 716 325,
894 683 1130 719 quamquam
1162 673 1200 706 et
1231 669 1294 706 hio
1330 667 1409 716 (vel
1432 665 1611 716 Verrius)
1646 671 1689 705 et

181 741 306 777 Varro
342 737 403 786 (L.
435 739 481 776 L.
514 738 606 785 VII,
642 735 711 785 97)
752 738 914 787 proprie
953 738 994 773 in
1031 737 1134 774 malo
1166 738 1247 774 sive
1279 738 1459 784 sinistro,
1491 739 1632 786 utpote
1664 749 1690 773 a,

181 807 318 845 Graeco
352 809 475 848 σκαῖος
506 806 740 852 derivatum,
764 805 860 855 poni
888 804 1030 841 debere
1055 804 1208 842 docent.
1237 825 1292 830 —-
1317 804 1377 841 Ex
1402 804 1539 842 eodem
1554 804 1688 842 Nonio

182 874 459 913 assumendum
505 878 590 911 erat
636 883 758 923 quom
802 886 874 922 pro
923 869 1055 922 φακὴ·
1102 882 1225 921 quom
1263 876 1322 909 est
1360 876 1574 923 postquam
1620 874 1692 910 aut

183 944 387 993 quoniam,
420 956 456 980 v,
488 941 630 991 Amph.
665 942 766 988 7463
810 937 894 978 illic
926 943 1056 977 autem
1087 941 1198 990 picus
1231 943 1291 978 est
1321 941 1470 978 ulmum
1500 939 1687 977 tundens.

180 1032 237 1037 -——
259 1007 394 1059 falsae
423 1006 641 1058 fccllscffl'cce;
671 1009 836 1046 Plautus
868 1022 973 1059 saepe
1005 1008 1081 1045 sibi
1111 1008 1241 1058 placet
1265 1009 1306 1045 in
1328 1008 1401 1045 tali
1428 1007 1689 1054 abundantia,

183 1093 260 1129 qua
292 1079 485 1116 adieetiva
516 1075 785 1125 adiunguntur
816 1077 1074 1114 substantivis
1114 1076 1290 1113 eiusdem
1329 1077 1465 1126 stirpis
1497 1075 1689 1113 eiusdem-

183 1161 259 1197 que
290 1146 600 1195 significationis,
632 1158 668 1182 v.
705 1145 755 1182 ad
784 1145 926 1194 Amph.
962 1146 1055 1181 274.

300 1216 392 1252 265.
426 1213 614 1251 Adcurrit
645 1212 854 1259 Leonidas,
889 1213 990 1250 alter
1020 1226 1166 1259 servus,
1199 1212 1397 1250 Libanum
1428 1215 1467 1249 et
1496 1212 1689 1261 Argyrip-

181 1296 275 1333 pum
317 1295 509 1332 quaerens.
570 1278 799 1329 requiram,
839 1282 863 1318 i.
898 1294 929 1317 e.
972 1294 1164 1330 quaeram,
1205 1281 1252 1318 cf.
1286 1280 1380 1318 Cist.
1416 1281 1515 1317 553:
1567 1278 1693 1328 „quid

183 1348 412 1400 quaeritas?
452 1349 500 1386 H.
534 1349 754 1398 Vestigium
785 1349 848 1385 hio
878 1346 1079 1398 requiro“.
1140 1348 1259 1398 Epid.
1292 1349 1394 1386 488:
1442 1346 1549 1396 „Ego
1580 1347 1689 1383 illam

182 1420 381 1467 requiram
420 1418 518 1464 iam,
560 1418 629 1454 uhi
659 1417 727 1454 ubi
760 1414 857 1454 est“.
919 1416 1006 1453 Ter.
1039 1416 1198 1454 Phorm.
1234 1417 1335 1454 309:
1389 1428 1500 1462 „eum
1530 1415 1691 1464 require

186 1490 305 1536 atque
338 1485 489 1523 adduce
520 1484 636 1522 11116“.
670 1506 724 1510 --
755 1481 1011 1533 ῙῖιπιῖῖἰίΝΘΉι
1041 1481 1198 1533 filium,
1231 1485 1255 1521 i.
1290 1497 1322 1521 e.
1354 1483 1520 1521 herilem
1550 1482 1689 1530 filium,

182 1555 307 1592 filium
345 1554 522 1600 familiae,
564 1553 610 1591 cf.
646 1554 739 1591 307.
786 1552 896 1602 Capt.
932 1554 1025 1590 272.
1057 1573 1114 1577 —
1147 1553 1239 1589 266.
1274 1549 1526 1590 lubentiores
1565 1561 1691 1601 quam

182 1619 451 1669 Lubente'ccst,
499 1621 546 1658 of.
587 1620 681 1658 Cist.
722 1621 823 1657 471:
889 1621 944 1667 „O
985 1621 1111 1657 salute
1156 1634 1243 1657 mea
1288 1620 1394 1656 salus
1440 1616 1684 1656 salubrior!“

183 1691 340 1728 Luhens
373 1693 431 1726 est
460 1688 634 1739 gaudens
669 1686 720 1735 (v.
754 1688 847 1726 Cist.
885 1685 997 1735 508),
1030 1688 1209 1725 lubentia
1239 1687 1444 1737 gaudium,
1486 1687 1532 1724 cf.
1565 1686 1689 1724 Stich.

185 1760 285 1795 276:
324 1762 531 1805 „onustum
555 1760 692 1806 pectus
717 1760 834 1805 porto
860 1756 1015 1793 laetitia
1038 1754 1337 1805 lubentiaque“.
1363 1775 1420 1780 —
1445 1756 1537 1792 269.
1567 1764 1693 1804 quam

183 1826 380 1873 mincius,
420 1839 471 1863 se.
505 1839 608 1871 sum,
651 1825 731 1862 vid.
773 1824 822 1861 ad
859 1824 1003 1874 Amph.
1040 1826 1103 1861 56.
1173 1824 1340 1860 Versum
1387 1822 1502 1860 affert
1538 1822 1691 1860 Nonius

183 1907 220 1942 p.
254 1895 334 1931 472
367 1897 532 1943 propter
563 1894 729 1930 activam
761 1893 926 1930 formam
951 1889 1150 1941 partiam,
1184 1892 1351 1928 alterum
1382 1891 1529 1928 Lucilii
1561 1903 1689 1927 exem-

183 1962 293 2011 plum
323 1961 499 1998 laudans.
547 1961 666 2010 Apud
684 1961 870 1997 Plautum
903 1963 1010 1997 extat
1034 1961 1153 1996 etiam
1169 1959 1311 2009 Amph.
1335 1960 1454 1996 1046.
1487 1959 1572 1996 Mil.
1592 1960 1690 1996 708.

183 2049 240 2055 —
273 2030 364 2065 271.
399 2025 648 2076 οὒςσνῑιίιῑιῖΐ,
681 2031 706 2066 1.
736 2042 767 2065 6.
800 2029 988 2074 seruauit,
1023 2041 1074 2065 so.
1102 2028 1268 2074 ianitor,
1302 2027 1348 2065 ef.
1373 2027 1459 2064 Mil.
1481 2027 1582 2064 354:
1620 2025 1691 2072 „Id
1734 2067 1736 2069 .

184 2110 244 2133 me
278 2108 394 2144 agere
428 2100 595 2146 oportet,
629 2096 702 2133 1106
733 2096 944 2133 obseruare
975 2093 1158 2132 ost.ium“.
1183 2115 1239 2119 ——
1265 2096 1357 2132 272.
1384 2095 1549 2132 Versum
1575 2094 1693 2131 affert

184 2164 334 2201 Nonius
374 2177 410 2213 p.
446 2166 496 2201 72
530 2168 568 2201 et
601 2165 701 2210 271,
742 2167 912 2213 utroque
953 2164 1037 2200 1060
1084 2167 1190 2199 reete
1237 2163 1440 2211 seriptum.
1503 2162 1690 2210 aetatem,

184 2246 219 2269 V.
255 2234 318 2269 21.
351 2252 407 2257 —
438 2233 531 2269 273.
564 2232 639 2269 Per
670 2245 749 2278 me,
782 2231 997 2281 respondet
1027 2231 1221 2277 Libanus,
1255 2231 1401 2267 servias
1433 2230 1536 2277 licet,
1571 2243 1690 2279 quam

185 2299 252 2337 diu
282 2301 410 2346 vives3
445 2313 516 2349 ego
549 2300 696 2337 nullam
728 2313 887 2349 operam
920 2299 1035 2345 dabo,
1070 2312 1147 2348 quo
1180 2299 1294 2335 citius
1325 2299 1428 2335 liber
1458 2297 1541 2335 fias.
1595 2297 1692 2334 Post,

185 2364 316 2406 hercle
346 2368 488 2415 hiatus,
522 2369 630 2405 euius
662 2368 815 2405 vitandi
844 2381 961 2404 causa
985 2367 1100 2404 Both.
1141 2367 1264 2413 „liber
1295 2364 1440 2415 011613ζί
1477 2364 1689 2412 scribebat,

186 2435 245 2473 Fl.
285 2435 374 2482 .,tu“
413 2435 584 2473 addebat
622 2439 714 2486 post
757 2434 942 2486 „opera“,
975 2435 1120 2472 Miiller
1156 2433 1321 2481 „hodie“
1364 2437 1454 2483 post
1491 2431 1690 2479 „he1·cle“.

184 2525 241 2529 ——-
275 2505 366 2541 274.
400 2504 491 2541 Plus
525 2505 643 2541 etiam
676 2505 889 2553 promittit,
923 2508 967 2540 ut
998 2504 1081 2540 voti
1115 2504 1172 2540 sui
1206 2516 1364 2552 compos
1389 2501 1460 2538 fiat
1477 2500 1691 2538 Libanum-

187 2586 262 2621 que
295 2574 521 2619 conveniat,
555 2572 622 2609 sed
654 2572 823 2609 iocando
856 2573 965 2621 quasi
998 2572 1088 2607 boni
1129 2570 1279 2619 aliquid
1318 2570 1455 2619 plagas
1494 2569 1540 2606 de
1575 2572 1690 2616 tergo

187 2653 256 2677 suo
289 2654 328 2676 se
362 2639 545 2676 daturum
576 2640 799 2689 pollicetur,
834 2644 873 2676 et
903 2644 1099 2676 tumentes
1132 2639 1304 2688 quidem,
1333 2650 1409 2688 quo
1432 2637 1692 2687 pretiosiores

187 2698 408 2753 videantur,
443 2708 543 2743 siout
574 2708 821 2756 praeguantia
852 2721 997 2757 pecora
1027 2708 1155 2756 pretio
1189 2720 1233 2743 ea
1264 2708 1464 2756 superant,
1493 2717 1578 2753 quae
1603 2703 1690 2740 nul·

186 2775 262 2812 lam
305 2788 412 2825 spem
452 2775 671 2811 fertilitatis
717 2775 906 2823 praebent.
968 2774 1082 2811 Alter
1126 2778 1231 2811 recte
1277 2772 1557 2811 animadvertit
1603 2784 1690 2808 eum

188 2843 380 2891 quidquid
412 2842 558 2878 habeat
588 2843 743 2890 largiri,
777 2856 847 2879 neo
878 2846 1071 2892 p1·aeterea
1103 2842 1319 2890 quidquam
1351 2842 1385 2878 ei
1418 2853 1500 2877 esse
1530 2839 1691 2889 peculii.
