1926 3275
342 264 394 301 90
1028 260 1149 293 Plauti
1614 259 1641 302 I,
1655 261 1688 302 3,
1704 261 1837 293 52—75

926 385 1252 439 Argyrippus

340 460 480 501 Aliam
510 472 625 499 nunc
655 457 759 498 mihi
791 457 1030 499 orationem
1061 455 1301 510 despoliato
1335 455 1574 509 praedicas,

342 531 505 584 [Longe
538 530 687 581 aliam,
719 530 908 583 inquam,
941 528 1125 582 praebes
1157 541 1271 569 nunc
1304 531 1435 581 atque
1469 527 1569 568 olim
1601 542 1731 581 quom
1763 528 1837 569 da-

1292 598 1411 652 bam]

340 675 480 715 Aliam
521 678 652 728 atque
691 673 812 724 olim,
854 686 983 725 quom
1027 671 1253 712 inliciebas
1299 684 1366 711 me
1412 670 1467 711 ad
1506 674 1550 713 te
1588 670 1747 713 blande
1786 685 1837 712 ac

1293 742 1516 784 benedice.
1771 743 1837 777 205

341 819 449 859 Tum
479 817 582 858 mihi
615 817 742 858 aedes
775 830 945 871 quoque
978 815 1243 866 arridebant,
1277 829 1407 869 quom
1440 814 1496 855 ad
1525 818 1568 856 te
1594 814 1835 866 ueniebam,

1292 891 1406 927 tuae.

340 962 407 1002 Me
434 961 558 1001 unice
582 974 715 1001 unum
740 974 791 1001 ex
815 959 1013 1001 omnibus
1038 963 1080 1000 te
1106 963 1236 1012 atque
1260 958 1379 999 illam
1404 972 1549 999 amare
1575 958 1695 999 aibas
1719 957 1835 999 mihi,

340 1033 423 1073 Ubi
456 1032 559 1086 quid
592 1031 805 1082 dederam,
839 1032 963 1085 quasi
995 1031 1219 1072 columbae
1250 1030 1357 1083 pulli
1387 1030 1431 1070 in
1464 1044 1537 1071 ore
1564 1029 1716 1071 ambae
1741 1043 1836 1071 meo

339 1103 484 1158 Usque
517 1105 666 1154 eratis,
699 1117 794 1144 meo
828 1103 880 1143 de
912 1103 1054 1144 studio
1088 1103 1231 1156 studia
1263 1107 1388 1144 erant
1418 1107 1569 1144 uostra
1600 1102 1756 1144 onmia.

339 1175 485 1229 Usque
518 1174 839 1225 adhaerebatis3
874 1175 989 1228 quod
1014 1189 1092 1228 ego
1118 1175 1342 1225 iusseram,
1368 1174 1483 1228 quod
1508 1174 1745 1225 nolueram,
1771 1179 1838 1213 210

340 1247 603 1298 Faciebatis3
636 1247 751 1300 quod
781 1247 981 1288 nolebam
1014 1261 1065 1287 ac
1096 1251 1334 1297 uotueram,
1368 1246 1420 1287 de
1452 1246 1667 1286 industria

340 1319 590 1371 Fugiebatis
621 1333 760 1373 neque
794 1319 942 1359 conari
974 1319 1015 1359 id
1047 1318 1191 1359 facere
1223 1318 1451 1359 audebatis
1483 1319 1613 1372 prius.

339 1390 464 1432 Nunc
489 1405 627 1444 neque
653 1391 757 1444 quid
781 1391 913 1432 uelim
936 1405 1075 1444 neque
1099 1391 1232 1432 nolim
1255 1390 1400 1432 facitis
1420 1390 1576 1443 magni,
1597 1403 1834 1443 pessumae.

966 1462 1213 1503 Cleareta

339 1535 435 1576 Non
466 1537 514 1576 tu
545 1535 654 1575 scis?
686 1534 756 1576 hic
786 1539 934 1576 noster
966 1539 1168 1588 quaestus
1200 1535 1358 1587 aucupi
1389 1534 1677 1575 simillumust.

341 1607 510 1660 Auceps
542 1606 716 1660 quando
749 1607 1026 1647 concinnauit
1057 1620 1216 1657 aream,
1250 1606 1435 1647 offundit
1466 1606 1629 1657 cibum,
1770 1611 1836 1644 215

341 1677 454 1719 Aues
499 1678 780 1729 adsuescunt,
833 1683 1050 1720 necessest
1094 1679 1239 1720 facere
1285 1682 1502 1732 sumptum
1548 1678 1622 1732 qui
1667 1677 1837 1732 quaerit

1294 1751 1476 1791 lucrum.

343 1821 479 1874 Saepe
513 1821 664 1872 edunt,
697 1822 828 1863 semel
860 1823 894 1863 si
926 1826 1024 1863 sunt
1056 1825 1223 1875 captae,
1254 1836 1345 1862 rem
1376 1821 1549 1862 soluont
1580 1820 1749 1874 aucupi.

342 1892 496 1933 Itidem
527 1892 597 1933 hic
629 1893 745 1946 apud
776 1908 872 1935 nos:
905 1894 1024 1935 aedis
1056 1893 1179 1935 nobis
1212 1897 1374 1943 areast,
1415 1906 1572 1946 auceps
1613 1906 1708 1933 sum
1745 1905 1835 1945 egO,

340 1964 496 2004 Escast
526 1965 743 2016 meretrix,
774 1965 911 2006 lectus
942 1965 1058 2006 inlex
1090 1969 1166 2015 est,
1201 1968 1418 2005 amatores
1449 1978 1564 2005 aues.

341 2035 456 2075 Bene
489 2035 717 2076 salutando
751 2041 1049 2087 consuescunt,
1083 2036 1368 2089 conpellando
1400 2036 1629 2086 blanditer,
1770 2041 1836 2074 220

341 2107 598 2158 Osculando,
632 2108 827 2149 oratione
858 2108 1051 2158 uinnula,
1084 2107 1325 2149 uenustula.

341 2178 384 2219 si
416 2178 623 2231 papillam
655 2180 952 2231 pertractauit,
985 2179 1102 2220 haud
1133 2183 1198 2220 est
1229 2179 1282 2219 ab
1315 2193 1362 2220 re
1395 2179 1587 2232 aucupis.

341 2249 517 2291 Sauium
548 2251 584 2290 si
614 2251 806 2303 sumpsit,
838 2265 1006 2291 sumere
1039 2265 1135 2291 eum
1166 2250 1267 2291 licet
1298 2251 1388 2291 sine
1420 2250 1595 2292 retibus.

341 2320 531 2362 Haecine
564 2325 606 2362 te
640 2336 729 2363 esse
762 2322 953 2373 oblitum,
985 2322 1028 2362 in
1059 2322 1160 2363 ludo
1195 2323 1268 2375 qui
1298 2321 1417 2363 fuisti
1446 2326 1536 2363 tam
1567 2322 1668 2363 diu‘?

925 2394 1253 2448 Argyrippus

340 2463 431 2503 Tua
483 2464 566 2504 ista
619 2465 807 2518 culpast,
864 2479 974 2519 quae
1028 2465 1285 2519 discipulum
1338 2465 1624 2507 semidoctum
1669 2464 1746 2505 abs
1790 2466 1834 2504 te

1292 2551 1479 2579 amoues.
1768 2534 1835 2568 225

964 2607 1215 2649 Cleareta

342 2677 546 2718 Remeato
579 2678 799 2730 audacter,
831 2680 1073 2721 mercedem
1104 2681 1139 2721 si
1171 2681 1254 2721 eris
1285 2684 1487 2731 nanctus3
1518 2692 1631 2720 nunc
1664 2678 1747 2720 abi.

431 2832 495 2864 207
521 2831 643 2865 aiebas
737 2833 803 2865 218
829 2832 991 2865 ltitidem
1085 2834 1150 2866 222
1174 2833 1419 2876 pertractabit
