1926 3275
277 322 300 360 2
308 323 326 360 1
333 322 358 360 Ο
884 317 1161 361 Prolegomena.

388 447 434 483 In
458 446 611 483 Latinis
636 446 797 483 vocibus
829 446 954 482 simile
987 445 1175 495 quiddam
1208 445 1361 492 accidit,
1393 445 1461 482 ubi
1491 446 1775 482 vocabulorum

276 515 467 564 stirpibus
504 515 545 550 in
584 517 866 551 consonantem
905 513 1139 550 exeuntibus
1176 514 1475 550 terminationes
1516 513 1716 550 adduntur
1754 526 1776 550 a

277 584 512 620 consonanti
542 583 788 631 incipientes.
849 581 950 618 Nam
982 594 1067 630 quae
1097 581 1288 628 iungendi
1327 595 1444 618 causa
1476 581 1659 618 addenda
1689 584 1776 617 erat

276 651 442 697 vocalis,
491 664 576 687 eam
621 651 684 686 vel
728 650 904 697 vulgaris
949 649 1137 698 loquendi
1177 649 1419 686 consuetudo
1457 649 1521 687 vel
1559 650 1775 686 communis

277 732 486 757 consensus
517 731 596 754 non
626 731 718 754 raro
751 719 920 764 omittit,
953 719 1123 754 maxime
1160 717 1229 754 ubi
1266 718 1371 754 inter
1405 721 1557 755 mutam
1588 721 1627 754 et
1656 718 1774 767 liqui-

277 787 365 823 dam
404 787 614 823 interiecta
652 788 722 822 est.
784 786 872 822 Non
918 799 1131 835 numquam
1176 799 1268 822 rara
1311 787 1482 835 vestigia
1526 786 1633 836 apud
1674 786 1775 822 anti-

276 856 484 903 quissimos
530 856 710 891 auctores
756 857 914 890 servata
958 857 1050 891 sunt
1101 854 1196 890 talis
1249 854 1404 900 formae,
1453 867 1573 903 quam
1618 853 1776 891 exculta

275 923 408 971 lingua
439 923 596 958 omnino
628 934 705 958 non
737 922 925 969 agnoscit.
988 921 1051 959 Sic
1087 920 1309 968 „cauitum“
1344 935 1418 971 pro
1452 925 1611 959 cautum
1646 925 1705 958 est
1735 923 1777 958 in

275 991 359 1039 lege
383 990 529 1027 Thoria
555 991 721 1038 agraria,
755 988 1041 1036 „cauitionem“
1072 989 1187 1027 affert
1210 990 1350 1027 Festus
1374 1004 1413 1040 p.
1433 991 1497 1037 61,
1528 989 1635 1040 apud
1657 989 1775 1026 Plau-

276 1062 359 1094 tum
387 1061 518 1094 autem
533 1058 676 1107 Amph.
697 1059 746 1094 78
774 1072 858 1107 sqq.
889 1056 1127 1104 „fauitores“
1157 1062 1249 1095 sunt
1271 1071 1344 1107 pro
1368 1058 1610 1104 fautoribus3
1639 1061 1777 1094 contra
1829 1074 1848 1083 ··

276 1126 392 1175 vulgo
411 1129 584 1175 quaestor
601 1125 805 1162 dicebatur
823 1140 895 1176 pro
921 1127 1144 1176 quaesitore,
1171 1129 1295 1164 nauta
1318 1140 1391 1176 pro
1408 1127 1556 1164 nauita.
1587 1125 1776 1163 Eiusdem

277 1195 430 1241 generis
462 1197 521 1230 est
549 1192 780 1243 „purigare“
809 1208 881 1244 pro
905 1207 1089 1244 purgare,
1115 1208 1150 1232 v.
1170 1195 1296 1232 Varro
1313 1194 1358 1232 R.
1377 1195 1422 1232 R.
1439 1194 1489 1241 Π,
1509 1195 1545 1241 4,
1569 1194 1630 1241 14,
1657 1207 1776 1242 quam

276 1262 442 1298 formam
472 1262 616 1298 Plauto
649 1276 804 1312 quoque
834 1263 1077 1300 reddendam
1115 1266 1247 1300 censet
1277 1263 1516 1300 Ritschelius
1549 1261 1690 1311 Opusc.
1723 1261 1773 1308 II,

275 1343 314 1379 p.
348 1331 427 1379 430
460 1343 566 1379 sqq,
614 1329 834 1377 „im-igar&
884 1344 957 1380 pro
996 1332 1155 1378 iurgare
1193 1331 1314 1368 Mero.
1350 1332 1448 1377 117,
1495 1326 1769 1379 „obiurigare“

276 1398 383 1434 Trin.
419 1399 482 1444 70,
515 1411 551 1435 v.
583 1398 730 1435 Ritsch.
764 1398 788 1435 l.
820 1399 846 1435 l.
877 1412 916 1448 p.
950 1400 1030 1436 426
1064 1412 1148 1448 sqq.
1180 1419 1237 1424 —-
1271 1396 1556 1448 „discipulina“
1596 1401 1705 1435 extat
1734 1398 1776 1434 in

277 1465 388 1503 codd.
421 1466 538 1502 Most.
569 1467 646 1502 154
681 1467 845 1516 aliisque
876 1467 991 1514 locis,
1024 1470 1069 1504 ut
1099 1468 1219 1504 etiam
1240 1467 1349 1504 Asin.
1377 1468 1456 1504 200
1488 1465 1776 1503 restituendum

275 1533 469 1571 videatur.
517 1534 648 1582 Atque
681 1536 800 1571 etiam
837 1534 1109 1585 „extempulo“
1146 1538 1256 1572 extat
1287 1537 1327 1572 in
1359 1534 1470 1572 codd.
1503 1534 1643 1572 Bacch.
1679 1534 1773 1571 961.

276 1600 369 1638 Cist.
405 1603 469 1638 98.
503 1602 597 1648 402,
629 1603 786 1639 restitui
819 1603 938 1640 debet
967 1603 1056 1640 Aul.
1092 1605 1157 1641 93.
1189 1604 1274 1641 Mil.
1308 1604 1403 1640 463.

390 1669 436 1705 In
489 1669 648 1706 vocibus
699 1672 974 1707 terminatione
1019 1668 1105 1709 lum
1151 1668 1252 1718 (lus,
1297 1667 1354 1718 la)
1399 1674 1490 1721 post
1535 1681 1556 1709 e
1597 1670 1777 1708 formatis

276 1740 443 1786 utraque
488 1737 614 1774 forma
661 1736 808 1785 (culum
849 1743 887 1776 et
925 1737 1043 1786 clum)
1090 1740 1130 1776 in
1175 1753 1248 1776 usu
1293 1739 1387 1786 fuit,
1435 1738 1504 1776 sed
1543 1739 1777 1788 plerumque

276 1804 495 1854 pleniorem
540 1805 705 1842 formam
751 1807 893 1843 cultior
939 1808 1085 1854 oratio,
1126 1810 1383 1856 syncopatam
1427 1807 1603 1854 vulgaris
1649 1819 1776 1843 sermo

277 1873 401 1920 magis
432 1872 639 1921 probabat.
682 1874 787 1911 Nota
818 1878 909 1911 sunt
931 1876 1114 1921 vinclum,
1140 1876 1345 1924 periclum,
1373 1875 1541 1921 saeclum,
1567 1874 1775 1920 vehiclum,

278 1940 446 1989 poclum,
474 1941 658 1987 oraclum,
687 1941 775 1987 alia,
803 1955 888 1990 quae
913 1946 952 1979 et
979 1943 1084 1991 apud
1107 1943 1290 1979 Plautum
1322 1946 1361 1980 et
1391 1942 1496 1992 apud
1527 1942 1623 1979 alios
1654 1943 1776 1992 scrip-

278 2011 385 2044 tores
417 2011 457 2044 et
486 2009 527 2044 in
556 2009 880 2058 inscriptionibus
912 2011 1058 2059 passim
1082 2012 1349 2047 inveniuntur.
1397 2010 1496 2047 Item
1522 2013 1613 2047 ante
1637 2009 1778 2047 suffixa

281 2074 328 2111 ab
353 2085 394 2111 m
425 2078 464 2111 et
492 2086 522 2112 n
551 2076 780 2126 incipientia
803 2078 949 2114 vocalis
973 2078 1209 2115 intermedia
1234 2082 1273 2115 et
1295 2078 1387 2115 addi
1413 2082 1452 2115 et
1476 2079 1607 2115 omitti
1630 2081 1774 2128 potest,

279 2146 324 2179 ut
353 2146 528 2190 tegmen,
568 2143 770 2191 balneum,
812 2145 961 2192 lamna,
1006 2146 1188 2192 domnus3
1221 2147 1469 2195 maximeque
1499 2147 1540 2183 in
1571 2145 1776 2183 adiectivis

279 2212 553 2248 terminatione
586 2209 664 2249 (lus
694 2212 874 2249 formatis
906 2214 1158 2252 antecedente
1189 2214 1352 2263 liquida,
1384 2216 1429 2250 ut
1455 2214 1601 2260 caldus,
1629 2213 1776 2260 soldus,

280 2278 451 2325 lardum,
484 2279 596 2316 valde
630 2277 775 2327 (valide
806 2280 926 2318 Mero.
963 2279 1046 2328 51).
1097 2282 1187 2319 Alia
1218 2283 1347 2319 minus
1378 2282 1497 2319 solita
1527 2284 1636 2328 sunt,
1669 2281 1779 2318 velut

285 2344 486 2395 „postus“,
520 2347 627 2395 quod
658 2348 763 2398 apud
794 2348 1019 2386 Lucretium
1051 2353 1176 2396 extat,
1215 2348 1389 2396 „merto“
1428 2347 1517 2398 (pro
1548 2346 1705 2396 merito)
1736 2349 1778 2385 in

280 2414 621 2463 inscriptionibus3
658 2415 849 2465 „poplus“
878 2417 1008 2454 Plaut.
1031 2418 1119 2454 Aul.
1140 2419 1233 2455 279.
1265 2418 1384 2455 Most.
1407 2418 1469 2454 14.
1500 2417 1568 2454 As.
1593 2417 1637 2464 43
1675 2429 1777 2463 „ma-

281 2480 488 2530 nuplares“
525 2486 633 2520 extat
661 2483 778 2521 Most.
814 2486 914 2531 306,
954 2485 1242 2522 restituendum
1272 2485 1359 2522 Mil.
1394 2486 1494 2531 8153
1539 2481 1773 2531 „avonclus“

280 2549 435 2598 legatur
464 2550 553 2587 Aul.
589 2551 681 2588 773.
717 2552 817 2598 [3763
849 2549 1020 2590 nidulus
1051 2553 1204 2590 abiecta
1234 2553 1364 2590 media
1393 2552 1494 2589 Rud.
1525 2553 1618 2589 936.
1656 2551 1775 2589 1106.

282 2616 334 2652 Et
366 2617 469 2664 quod
514 2616 699 2666 „pergo‘⁴,
745 2618 910 2667 „surgo“
953 2621 1071 2669 vulgo
1111 2620 1255 2657 dicitur
1293 2621 1435 2657 omissa
1476 2621 1594 2657 etiam
1634 2619 1778 2656 radicis

282 2683 421 2729 vocali,
454 2685 696 2732 antiquiores
727 2699 806 2723 non
838 2687 962 2724 solum
998 2687 1169 2736 „porgo“
1206 2688 1402 2734 dicebant,
1429 2687 1497 2724 sed
1521 2688 1638 2724 etiam
1668 2699 1777 2733 „sur-

283 2747 372 2798 1110ιι
408 2763 480 2798 pro
513 2753 696 2802 surripio,
728 2757 772 2790 ut
795 2755 856 2790 vel
882 2755 1066 2792 Horatius
1095 2754 1174 2792 Sat.
1200 2755 1250 2802 ΙΙ,
1279 2757 1314 2802 3,
1341 2756 1442 2801 2833
1480 2752 1682 2803 „surpuw
1716 2753 1775 2790 Pl.

284 2816 394 2867 Capt.
422 2819 457 2864 8,
495 2818 703 2868 „surptus“
738 2821 844 2857 Pers.
875 2822 964 2858 151.
