1926 3275
247 308 329 347 430
904 301 1087 336 Asinaria.

247 434 342 471 mihi
371 432 602 484 promiseris
633 444 795 469 uxorem
825 443 949 467 meam
979 443 1059 467 non
1089 429 1195 466 ultra
1226 442 1370 466 annum
1407 429 1612 466 victuram.
1667 427 1744 466 Sed

247 504 278 539 si
308 503 383 540 hoc
414 502 621 548 voluisset,
662 499 796 550 potius
835 501 1002 536 mortem
1042 498 1178 535 uxoris
1212 496 1396 544 dixisset,
1429 498 1463 534 si
1494 496 1651 547 quidem
1680 497 1744 534 vel

248 584 376 607 annua
406 571 489 607 vita
521 572 604 607 eius
634 569 751 618 longa
782 568 816 604 ei
847 566 1059 614 videretur,
1092 570 1138 603 ut
1169 578 1321 603 annuus
1345 578 1471 615 penus
1494 564 1634 603 Pseud.
1664 567 1741 603 177

248 639 366 676 etiam
396 638 526 675 lenoni
560 637 765 674 satisfacit.
811 635 934 672 Immo
958 635 1218 672 hilarissimus
1244 647 1361 671 senex
1392 634 1492 683 παρὰ
1523 634 1744 683 προσδοκίαν

246 720 319 756 pro
350 720 393 743 re
425 706 556 756 magni
586 705 707 754 pretii
739 703 779 740 id
810 704 945 754 ponit,
989 702 1096 752 quod
1134 704 1295 739 minime
1333 705 1462 751 optat,
1503 715 1588 751 quae
1618 700 1745 750 figura

248 779 285 812 et
316 774 419 825 apud
452 775 550 811 alios
582 773 813 822 scriptores,
857 772 925 821 qui
962 771 1083 808 risum
1122 773 1323 821 quaerunt,
1364 770 1549 819 frequens
1590 773 1668 817 est,
1701 773 1746 807 ut

248 843 376 881 Catul.
410 843 483 889 44,
519 843 589 879 20:
643 840 754 888 „Non
802 840 990 890 deprecor
1035 839 1134 886 iam,
1181 840 1213 876 si
1259 838 1413 876 nefaria
1457 840 1605 888 scripta
1643 837 1745 876 Sesti

247 924 424 961 recepso,
467 911 561 960 quin
599 908 851 960 gravedinem
893 910 933 944 et
970 908 1108 944 tussim
1139 907 1229 945 Non
1259 907 1374 954 mihi,
1408 906 1476 944 sed
1507 906 1584 956 ipsi
1615 905 1744 943 Sestio

246 981 349 1017 ferat
381 977 543 1029 frigus“,
585 981 625 1015 et
664 976 770 1027 apud
800 976 1004 1022 Plautum,
1038 989 1074 1013 v.
1107 975 1246 1013 Bacch.
1283 976 1382 1013 501:
1428 974 1502 1022 „Ni
1534 988 1605 1024 ego
1636 974 1744 1011 illam

247 1048 434 1097 exemplis
465 1047 658 1098 plurumis
688 1046 887 1096 planeque
910 1065 965 1069 -—-
989 1042 1117 1081 amo“.
1167 1043 1278 1081 Cure.
1300 1044 1398 1080 561:
1437 1042 1599 1090 „Saluos
1628 1055 1744 1093 quom

247 1117 409 1153 aduenis
433 1116 478 1152 In
500 1115 758 1165 Epidaurum,
791 1113 853 1150 hic
884 1112 1000 1150 hodie
1029 1112 1135 1162 apud
1161 1125 1221 1148 me
1244 1131 1301 1135 ——
1324 1124 1539 1161 numquam
1570 1111 1744 1160 delinges

247 1182 406 1221 salem“.
462 1183 581 1220 Most.
613 1183 711 1219 248:
751 1181 831 1228 „Ob
864 1182 965 1218 istuc
995 1180 1179 1227 uerbum,
1212 1194 1260 1217 ne
1291 1180 1548 1230 nequiquam,
1581 1179 1744 1228 Scapha,

245 1256 326 1289 tam
358 1251 487 1301 lepide
520 1251 679 1297 dixeris,
712 1249 823 1287 Dabo
856 1249 1007 1298 aliquid
1043 1248 1159 1286 hodie
1190 1248 1330 1297 peculi,
1362 1247 1435 1285 tibi
1468 1268 1516 1272 -»—
1550 1247 1744 1285 Philema-

245 1321 345 1357 tium
384 1317 510 1356 mea“.
570 1318 713 1355 Pseud.
751 1319 878 1355 1174:
932 1317 1145 1364 „Quamuis
1185 1317 1327 1367 pernix
1372 1316 1404 1353 is
1449 1316 1624 1362 homost3
1666 1315 1744 1353 Ubi

246 1403 377 1426 suram
416 1388 603 1437 aspicias,
644 1387 743 1424 scias
782 1399 896 1436 posse
936 1400 1021 1423 eum
1060 1406 1114 1410 ——
1153 1397 1287 1433 gerere
1327 1397 1477 1421 crassas
1509 1382 1744 1434 conpedes“.

246 1458 353 1495 Pers.
389 1457 488 1494 397:
542 1454 660 1502 „Cum
706 1454 780 1491 hac
826 1453 917 1492 dote
955 1454 1105 1504 poteris
1142 1453 1208 1490 uel
1245 1473 1300 1477 —
1338 1452 1516 1490 mendico
1554 1450 1743 1489 nubere“.

247 1526 353 1563 Trin.
388 1526 488 1561 723:
541 1523 691 1571 „Credo
732 1523 781 1560 ad
820 1536 991 1560 summos
1030 1522 1240 1559 bellatores
1278 1541 1333 1546 -
1372 1534 1499 1558 acrem
1536 1521 1745 1570 fugitorem

246 1591 370 1631 fore“.
431 1592 586 1629 Trucul.
624 1592 723 1629 347:
772 1591 854 1638 „Ita
895 1603 965 1639 ego
1005 1591 1111 1627 illam
1153 1586 1391 1640 (pecuniam)
1428 1602 1581 1626 seruem
1612 1589 1746 1637 itaque

245 1674 363 1711 parce
387 1662 577 1706 uictitem,
602 1659 658 1697 Ut
682 1659 790 1696 nulla
815 1659 934 1696 faxim
961 1660 1014 1696 cis
1040 1659 1123 1696 dies
1148 1671 1294 1709 paucos
1319 1655 1432 1695 siet“.
1457 1678 1514 1682 ——
1539 1658 1631 1695 878.
1649 1656 1745 1693 Post

247 1727 304 1767 ire
328 1729 457 1766 hiatus
482 1729 521 1765 in
547 1741 703 1765 caesura.
737 1727 875 1765 Both:
906 1725 1091 1774 „illunc“.
1133 1727 1246 1773 Quod
1273 1730 1401 1764 autem
1427 1726 1573 1763 dicitur
1602 1725 1744 1772 „hodie

244 1798 415 1847 primum
455 1799 512 1834 ire
552 1796 760 1833 adsuetum
793 1794 900 1833 esse“
935 1809 1008 1846 pro
1047 1795 1184 1843 „hodie
1216 1796 1387 1846 primum
1418 1795 1475 1831 ire
1506 1807 1576 1831 nec
1606 1793 1743 1830 adsue·

245 1869 327 1903 tum
360 1863 483 1912 esse“,
522 1878 661 1914 parum
701 1867 880 1902 accurate
918 1865 958 1901 in
996 1877 1114 1901 unam
1147 1864 1383 1901 sententiam
1416 1862 1622 1909 coniectis,
1657 1873 1743 1911 quae

247 1934 410 1970 duarum
443 1946 524 1970 esse
557 1932 772 1979 debebant,
806 1933 897 1969 talis
928 1933 1082 1970 incuria
1113 1932 1386 1981 quotidianum
1424 1931 1627 1968 hominum
1662 1942 1742 1966 ser-

246 2015 400 2039 monem
430 2001 630 2038 interdum
661 2001 834 2047 invadit,
868 2000 913 2037 cf.
948 2000 1058 2038 Curc.
1094 2001 1173 2038 204
1206 2014 1284 2050 sq.:
1327 2000 1564 2048 „Quousque
1597 2011 1742 2048 quaeso

247 2069 295 2106 ad
325 2070 427 2106 hunc
460 2069 619 2106 modum
650 2069 758 2106 Inter
789 2082 858 2105 nos
891 2081 1020 2105 amore
1057 2071 1213 2105 utemur
1251 2055 1737 2117 sempersubrepticio?“

246 2150 317 2186 pro
354 2137 590 2186 „Quousque
632 2140 670 2174 et
706 2151 797 2174 num
829 2133 1036 2186 semper?“
1071 2157 1126 2161 --
1159 2137 1251 2173 879.
1287 2133 1398 2185 quod
1426 2131 1600 2173 (camillas
1630 2144 1744 2172 meas

247 2202 490 2254 suspicabar
521 2218 570 2242 sc.
604 2206 742 2252 facere,
777 2205 822 2241 cf.
851 2205 955 2242 Men.
985 2206 1085 2242 739:
1123 2204 1314 2253 „Ecastor
1339 2205 1491 2254 pariter
1520 2203 1593 2240 hoc
1625 2206 1743 2251 atque

247 2274 418 2311 alias'res
443 2270 582 2311 soles“.
616 2274 701 2311 Mil.
726 2275 853 2311 1011:
886 2273 981 2321 „Pol
1006 2274 1107 2310 istuc
1125 2272 1283 2322 quidem
1306 2269 1477 2309 multae“
1506 2285 1557 2308 sc.
1575 2271 1740 2308 faciunt.

249 2362 296 2366 —·
332 2343 423 2379 881.
459 2339 551 2379 (Icari
580 2342 780 2379 Acidalius
821 2355 891 2379 em.
933 2355 1051 2379 versu
1088 2341 1259 2378 iubente.
1298 2360 1354 2366 --
1391 2337 1547 2379 dudum
1585 2338 1744 2389 factum

246 2409 305 2447 cst
337 2420 475 2459 (suom,
520 2410 565 2447 cf.
599 2411 741 2460 Amph.
778 2411 876 2448 685:
924 2424 1066 2460 „quam
1105 2409 1252 2447 dudum
1290 2410 1393 2446 istuc
1431 2405 1655 2446 factumst“.
1689 2426 1743 2430 —-

247 2479 338 2515 882.
372 2478 499 2516 Puero
532 2480 712 2528 imperat,
745 2482 790 2515 ut
822 2479 937 2516 initio
969 2478 1074 2516 facto
1106 2478 1154 2515 ab
1186 2490 1229 2514 eo
1262 2478 1437 2524 conviva,
1472 2477 1538 2526 qui
1570 2487 1742 2513 summus

246 2546 467 2593 accumbat,
516 2548 582 2596 qui
628 2547 690 2584 hic
737 2550 795 2583 est
840 2547 1110 2596 Argyrippus,
1164 2548 1299 2584 vinum
1344 2545 1495 2595 poculis
1540 2543 1742 2588 infundat3

248 2613 331 2662 ipse
363 2615 519 2651 interim
550 2615 782 2651 Philaenium
814 2615 918 2652 infra
949 2628 989 2651 se
1021 2614 1314 2652 decumbentem
1354 2613 1501 2650 savium
1532 2614 1655 2661 rogat.
1688 2630 1743 2634 —-

248 2682 339 2717 883.
375 2679 511 2731 capuli
543 2680 688 2730 (lecu-5,
722 2684 745 2719 i.
779 2697 809 2719 e.
845 2683 912 2732 qui
945 2682 1127 2732 capulum
1160 2682 1283 2728 decet,
1317 2694 1435 2718 senex
1466 2680 1618 2730 capulo,
1650 2679 1675 2715 i.
1709 2691 1741 2715 e.

247 2749 490 2799 sarcophago
531 2751 610 2787 sive
649 2750 855 2799 sepulchro
888 2750 1126 2797 destinatus,
1161 2751 1227 2799 qui
1258 2749 1343 2787 Mil.
1379 2749 1458 2786 629
1495 2744 1738 2798 „capularis“

247 2816 401 2854 dicitur.
463 2817 625 2854 Versum
660 2817 774 2854 affert
805 2817 956 2855 Nonius
986 2831 1024 2867 p.
1059 2818 1096 2854 4.
