1926 3275
316 317 396 355 222
923 310 1201 355 Prolegomena.

314 445 467 493 potuit,
500 456 535 479 v.
568 455 606 490 p.
641 442 720 477 220
759 441 947 489 „gratiam
984 437 1152 486 habe0“‚
1185 439 1303 475 Most.
1342 439 1467 476 1146:
1512 440 1704 488 „supplici
1741 440 1809 476 ha-

313 509 426 557 be0“,
451 509 591 547 Pseud.
613 509 711 546 346:
743 507 991 557 „quindecim
1015 505 1187 552 habeo“;
1215 519 1336 555 porro
1363 510 1452 543 ante
1481 506 1638 553 „hasta“
1667 507 1808 544 Bacch.

314 580 407 616 426.
442 579 559 615 Most.
583 578 672 623 148,
706 580 794 613 ante
824 573 1051 622 „hostibus“
1088 575 1173 611 Mil.
1193 575 1229 621 4,
1263 578 1353 611 ante
1381 574 1556 623 „Hegio“
1583 575 1693 624 Capt.
1714 576 1808 612 335.

313 647 560 683 Pronominis
593 659 629 693 q.
663 658 693 681 e.
733 642 840 690 „hio“
876 644 992 692 plura
1023 643 1201 692 exempla
1231 656 1350 692 supra
1379 656 1417 692 p.
1447 644 1525 680 219
1559 643 1778 680 attulimus.

425 714 470 750 In
507 726 628 762 prosa
668 713 845 749 oratione
882 714 998 760 post
1037 711 1339 747 sententiam
1370 711 1570 747 finitam
1598 724 1722 760 pausa
1751 698 1815 758 fit.

311 787 381 818 nec
425 781 577 818 vocales
624 780 789 817 duarum
834 779 1121 816 sententiarum
1160 779 1472 826 coniunguntur;
1511 782 1659 829 poetae,
1699 779 1732 815 si
1768 780 1809 815 in

311 849 439 885 medio
470 862 586 885 versu
615 848 751 884 finitur
782 848 988 894 sententia,
1020 860 1184 896 pausam
1214 861 1294 884 non
1325 847 1491 893 faciunt,
1524 860 1596 883 nec
1623 859 1695 895 per
1725 859 1808 882 eam

312 930 467 954 causam
505 918 633 953 minus
672 915 898 965 synaloephe
935 916 1131 952 vocalium
1169 914 1225 951 fit.
1287 915 1395 951 Fieri
1431 918 1581 964 potest,
1614 918 1658 951 ut
1689 915 1808 951 comi-

311 998 443 1021 corum
482 985 608 1022 oratio
647 985 815 1020 sermoni
854 984 1023 1020 similior
1060 984 1132 1020 hoc
1167 983 1295 1020 minus
1335 983 1604 1020 observaverit
1641 986 1681 1019 et
1717 986 1809 1031 post

309 1053 460 1090 finitam
505 1053 742 1089 sententiam
786 1052 986 1088 interdum
1030 1052 1183 1088 hiatum
1229 1051 1444 1088 admiserit.
1513 1050 1698 1087 Defendit
1736 1051 1808 1088 hoc

310 1120 491 1170 Spengel.
538 1133 575 1169 p.
618 1121 697 1157 218
745 1134 850 1169 sqq,
898 1120 1142 1168 impugnavit
1178 1119 1335 1155 Muller.
1382 1132 1420 1168 p.
1463 1119 1541 1155 675
1585 1132 1691 1168 sqq.;
1738 1118 1807 1155 sed

308 1190 441 1226 multis
473 1189 663 1238 exemplis
695 1189 850 1225 reiectis
881 1192 1015 1224 tamen
1044 1201 1122 1224 non
1152 1201 1279 1237 pauca
1309 1190 1472 1224 restant.
1528 1187 1675 1235 Aliqua
1706 1190 1807 1224 attu-

307 1257 422 1294 limus
454 1270 573 1307 supra
602 1271 640 1306 p.
676 1258 777 1302 2203
810 1256 886 1292 alia
915 1270 950 1293 v.
976 1256 1119 1305 Amph.
1149 1256 1248 1292 343:
1287 1255 1396 1301 „Huc
1428 1267 1491 1301 e03
1524 1255 1581 1291 eri
1612 1267 1696 1291 sum
1728 1268 1807 1291 ser-

308 1323 419 1362 uos“.
481 1325 565 1362 Cas.
602 1326 700 1362 550:
753 1324 854 1370 „Sed
893 1337 1055 1361 uxorem
1095 1328 1184 1360 ante
1223 1323 1331 1360 aedis
1371 1336 1511 1360 eccam.
1572 1321 1621 1359 Ei
1662 1323 1807 1359 misero

308 1392 442 1430 mihi“.
489 1393 595 1430 Poen.
620 1394 718 1430 569:
757 1393 855 1439 „Vix
887 1393 1048 1443 quidem
1078 1392 1209 1429 hercle
1232 1412 1289 1416 ——
1311 1392 1368 1428 ita
1391 1391 1604 1440 pauxillast
1627 1410 1684 1415 —
1706 1390 1806 1439 digi-

307 1462 403 1498 tulis
431 1460 696 1511 primoribus“
732 1462 781 1498 al.

419 1529 559 1566 Inter
589 1529 787 1566 finitam
819 1530 1031 1566 alterius
1061 1541 1285 1578 personae
1317 1528 1596 1565 orationem
1620 1529 1667 1563 et
1690 1527 1805 1563 inci-

306 1599 524 1646 pientem
575 1598 786 1634 alterius
831 1598 982 1634 hiatum
1029 1597 1187 1634 concedi
1232 1596 1412 1646 Spengel.
1459 1606 1549 1645 pag.
1591 1595 1668 1631 201
1719 1607 1803 1643 sqq.

309 1665 495 1711 affirmat⁷
538 1669 655 1714 negat
693 1666 850 1702 Muller.
891 1679 929 1715 p.
965 1666 1044 1702 628
1086 1679 1192 1714 sqq,
1240 1678 1310 1701 nec
1355 1663 1570 1700 infeliciter
1613 1663 1805 1712 pleraque

307 1734 485 1782 exempla
524 1737 708 1770 removet.
770 1734 863 1770 Haec
903 1747 1057 1782 quoque
1097 1734 1256 1770 licentia
1293 1745 1371 1768 non
1411 1733 1568 1768 omnino
1610 1744 1632 1767 a
1663 1730 1803 1767 Plauto

307 1801 568 1838 abiudicanda
606 1805 683 1847 est,
725 1801 793 1837 sed
830 1803 989 1838 minime
1029 1802 1213 1850 frequens
1253 1804 1330 1847 est,
1377 1813 1447 1836 nec
1494 1802 1563 1835 aut
1607 1798 1803 1847 poematis

306 1869 552 1905 iucunditate
584 1869 890 1915 commendatur,
924 1871 956 1905 si
989 1870 1146 1918 quidem
1179 1869 1359 1906 celeriter
1391 1871 1429 1904 et
1456 1868 1537 1903 sine
1564 1867 1670 1904 omni
1691 1866 1803 1902 haesi-

306 1939 455 1973 tatione
488 1937 685 1986 colloquia
717 1937 924 1973 decurrere
957 1937 1112 1982 debent⁷
1146 1940 1232 1982 aut,
1267 1936 1374 1985 quod
1404 1938 1599 1985 putarunt
1631 1933 1801 1983 quidam,

306 2005 363 2040 rei
396 2008 537 2040 natura
570 2008 608 2040 et
640 2004 920 2041 commoditate
961 2004 1316 2053 pronuntiationis3
1343 1993 1466 2039 >immo
1498 2015 1584 2051 quae
1615 2002 1683 2038 uni
1713 2014 1802 2050 per-

306 2084 408 2108 sonae
447 2071 657 2108 difficultas
697 2076 756 2108 est
794 2072 961 2108 duarum
999 2072 1239 2120 syllabarum
1284 2072 1447 2107 iunctim
1491 2067 1802 2119 pronuntianda-

305 2152 403 2184 rum,
438 2152 483 2175 ea
514 2139 664 2176 duabus
695 2140 873 2188 personis
906 2153 985 2175 non
1017 2139 1138 2175 adest.
1186 2139 1329 2175 Hiatus
1357 2138 1535 2186 exempla
1559 2137 1638 2174 vid.
1657 2135 1798 2185 Amph.

307 2207 399 2243 382.
434 2208 526 2243 798.
573 2207 681 2243 Asin.
717 2208 810 2243 726.

417 2273 550 2311 Poetis
581 2275 771 2324 imprimis
801 2288 936 2311 versus
967 2276 1072 2312 ratio
1100 2274 1282 2311 habenda
1308 2277 1378 2311 est.
1425 2272 1560 2310 Finito
1584 2285 1700 2309 versu
1723 2283 1800 2308 vox

303 2340 407 2377 finiri
453 2341 588 2388 debet,
636 2355 707 2379 nec
752 2343 924 2390 syllabas
970 2343 1137 2380 duorum
1181 2355 1364 2380 versuum
1411 2342 1650 2388 coniungere
1694 2339 1797 2376 licet.

304 2409 431 2454 Quare
455 2409 529 2446 hoc
556 2410 713 2458 quidem
740 2410 826 2447 loco
858 2411 989 2447 hiatus
1019 2424 1068 2447 ne
1100 2412 1350 2448 excusatione
1383 2409 1541 2459 quidem
1573 2410 1675 2456 eget.
1723 2405 1799 2443 Sed

303 2477 421 2513 etiam
453 2477 493 2513 in
523 2477 652 2514 medio
678 2491 872 2525 versuum,
906 2492 1039 2516 eorum
1071 2479 1241 2528 quidem,
1275 2479 1342 2527 qui
1374 2476 1573 2515 constanti
1604 2473 1798 2512 diaeresi

302 2543 481 2592 bipertiti
513 2548 621 2591 sunt,
654 2546 784 2582 hiatus
817 2547 1056 2593 admittitur,
1091 2548 1114 2584 i.
1150 2561 1181 2583 e.
1215 2548 1255 2583 in
1292 2546 1502 2583 octonariis
1540 2543 1720 2580 iambicis
1759 2544 1799 2578 et

302 2611 508 2647 trochaicis
539 2616 631 2660 post
662 2613 826 2649 alteram
858 2614 1068 2662 dipodiam,
1101 2628 1171 2651 nec
1198 2616 1326 2651 minus
1352 2615 1391 2650 in
1415 2611 1671 2661 septenariis3
1703 2610 1796 2645 item

302 2679 342 2714 111
374 2680 526 2715 creticis
557 2682 812 2717 tetrametris.
866 2681 1017 2718 Senarii
1048 2695 1142 2719 vero
1174 2683 1213 2719 111
1245 2694 1428 2719 caesura
1457 2681 1607 2717 hiatum
1639 2677 1796 2727 patiun-

301 2749 384 2792 tur,
417 2748 584 2783 maxime
616 2748 654 2783 in
685 2749 805 2784 tertio
836 2749 954 2797 pede,
996 2750 1062 2786 sed
1101 2763 1179 2786 non
1217 2762 1429 2799 numquam
1468 2748 1584 2784 etiam
1622 2747 1663 2782 in
1695 2744 1793 2790 aliis,

302 2813 380 2849 vid.
414 2827 533 2862 supra
562 2827 599 2862 p.
637 2816 726 2851 183.

414 2881 511 2917 Aliae
549 2882 724 2918 rationes
764 2896 809 2918 ex
840 2884 962 2932 ipsius
993 2887 1184 2921 sermonis
1217 2889 1255 2922 et
1285 2884 1622 2934 pronuntiationis
1652 2885 1795 2919 natura

301 2948 523 2997 repetendae
567 2954 670 2986 sunt.
747 2950 808 2987 Sic
862 2953 1247 2990 interiectiones
1301 2967 1420 3002 quum
1472 2954 1702 3003 plerumque
1747 2954 1792 2987 ut
1832 2966 1838 2972 ·
