1926 3275
809 365 851 400 V.
881 366 1025 401 16—37.
1593 369 1642 408 35
1651 370 1674 408 5

171 496 287 533 deum
317 494 448 543 fidem,
483 508 583 545 quae
614 509 677 532 res
710 493 822 532 est‘?“
887 494 964 532 Sed
1002 508 1065 532 res
1102 494 1218 531 nimis
1250 493 1373 531 dubia
1403 497 1473 531 est.
1534 494 1676 532 Fleck-

168 564 278 602 eisen
315 564 421 601 huno
458 576 618 601 versum
655 577 734 600 una
773 577 859 601 cum
896 564 1076 614 proximo
1118 575 1191 611 pro
1233 562 1378 612 spuriis
1416 562 1591 610 seclusit,
1633 577 1677 601 ac

167 646 264 670 sane
294 632 359 669 vel
388 632 449 669 his
481 632 637 669 omissis
669 631 796 668 oratio
829 632 924 668 satis
955 631 1114 681 prolixa
1144 630 1314 668 videtur.
1339 650 1396 656 —
1421 632 1485 668 28.
1513 631 1562 669 ut
1584 629 1678 680 ‘ipse

166 697 280 740 scibo
311 703 404 747 eto.,
438 700 463 737 i.
497 713 530 737 e.
563 701 665 737 sicut
695 700 780 749 ipse
811 699 871 746 id,
905 699 953 737 de
986 712 1062 749 quo
1095 699 1252 749 quaeriS,
1286 699 1426 746 sciam,
1459 700 1518 736 ita
1545 702 1675 737 tecum

167 769 208 806 id
250 767 556 806 communicabo,
593 788 640 792 --
677 769 743 805 29.
780 765 891 817 quod
936 768 972 805 te
1016 777 1157 817 rossem
1203 767 1255 814 si,
1303 766 1411 816 quod
1455 767 1575 817 vulgo
1617 766 1674 815 fit,

168 850 257 874 cum
296 835 625 873 antecedentibus
665 836 866 884 iungitur,
910 837 1185 872 conjunctivus
1230 836 1385 872 ratione
1432 838 1557 882 caret3
1604 849 1676 884 ego

168 918 257 941 cum
296 903 553 953 sequentibus
592 903 723 950 iunxi,
763 907 808 941 ut
847 903 1011 953 obliqua
1049 904 1228 940 oratione
1260 903 1511 953 aliquatenus
1543 903 1676 940 defen-

169 972 344 1019 deretur,
364 972 409 1009 cf.
428 971 534 1009 Men.
556 973 659 1010 973:
697 971 825 1018 „Caue
853 972 1073 1021 quisquam,
1108 971 1214 1021 quod
1244 972 1325 1008 illic
1354 972 1574 1018 minitetur,
1606 985 1676 1008 uo-

168 1044 292 1078 strum
323 1039 437 1077 flocci
468 1035 648 1077 feceriss“'.
675 1060 732 1064 —
760 1041 823 1077 30.
865 1035 975 1078 Cane
1005 1035 1109 1077 milei
1138 1037 1330 1077 mendaci
1361 1037 1590 1090 quicqum
1624 1053 1674 1077 sc.

170 1109 334 1155 dixeris,
378 1108 425 1145 of.
457 1107 544 1145 Mil.
580 1108 680 1145 961:
734 1107 862 1154 „Cane
901 1106 1191 1144 inenclacium“.
1254 1107 1462 1145 Omittitur
1499 1108 1674 1154 verbum,

169 1177 277 1226 quod
323 1176 451 1226 quivis
497 1176 612 1213 facile
658 1176 875 1223 intelligat,
927 1176 974 1213 cf.
1016 1176 1120 1212 infra
1161 1176 1254 1213 300.
1302 1176 1445 1225 Amph.
1481 1177 1573 1213 786.
1625 1196 1673 1200 —

171 1247 236 1283 31.
275 1241 348 1283 ubi
388 1241 498 1293 lapi-5³
538 1240 718 1292 lapidem
766 1241 874 1281 terit.
936 1244 1155 1281 Pistrinum
1203 1243 1399 1293 significat
1443 1244 1676 1293 lapidesque

167 1313 358 1360 molares,
393 1312 440 1350 cf.
473 1311 633 1349 Lucret.
667 1312 705 1358 I,
740 1313 841 1349 884:
880 1325 992 1359 „cum
1024 1312 1148 1361 lapidi
1178 1311 1350 1362 lapidem
1381 1310 1586 1349 terimus“.
1619 1332 1676 1337 —

171 1382 236 1419 32.
268 1377 341 1418 ubi
371 1377 479 1418 istuc
510 1379 571 1418 6815
603 1380 810 1418 terrarum
848 1376 936 1418 loci.
998 1379 1057 1417 Fl.
1091 1383 1310 1430 transpos:
1356 1379 1446 1426 „ubi
1477 1383 1675 1416 terrarum

170 1452 229 1486 est
251 1451 355 1486 istuc
378 1446 497 1495 loci“,
530 1449 647 1485 metri
679 1461 807 1495 causa,
840 1462 888 1485 ne
921 1449 1100 1485 senarius
1128 1450 1169 1485 in
1194 1448 1290 1485 duas
1314 1451 1448 1498 partes
1472 1451 1676 1484 ternorum

169 1517 392 1555 iamborum
423 1516 682 1553 divideretur.
731 1516 936 1554 Chiasmus
970 1517 1122 1554 ordinis
1153 1516 1251 1553 nihil
1284 1515 1511 1553 offensionis
1542 1515 1674 1563 habet,

169 1585 248 1623 vid.
276 1585 325 1622 ad
351 1584 494 1635 Amph.
523 1586 616 1623 290.
640 1605 698 1610 ——
727 1586 790 1622 33.
821 1581 1016 1633 Nequam
1047 1581 1231 1622 homines
1262 1588 1301 1621 et
1324 1582 1540 1633 missitant
1568 1587 1676 1621 recte

169 1653 359 1691 scribitur
390 1655 430 1690 in
462 1654 548 1702 ipso
581 1653 665 1690 cod.
698 1653 729 1690 B
760 1653 880 1703 paulo
920 1653 1041 1699 infra,
1081 1653 1150 1689 ubi
1188 1653 1251 1690 1110
1290 1666 1426 1689 versus
1465 1654 1674 1702 repetitur,

169 1725 261 1771 post
290 1735 326 1759 v.
363 1722 429 1758 46.
485 1721 698 1770 Repetitur
728 1724 859 1758 autem
893 1734 972 1757 una
1003 1734 1090 1758 cum
1122 1720 1389 1767 antecedenti,
1422 1723 1574 1757 mutato
1606 1719 1675 1757 illo

170 1789 330 1839 quidem
362 1789 622 1839 aliquantum,
656 1802 725 1825 nec
758 1788 933 1825 dubitari
964 1792 1107 1838 potest,
1141 1789 1236 1838 quin
1268 1802 1315 1825 ex
1345 1790 1523 1836 margine
1549 1788 1676 1837 irrep-

170 1859 313 1905 serint,
353 1857 424 1894 ubi
462 1857 523 1894 vel
562 1856 855 1906 interpretandi
894 1857 957 1893 vel
996 1857 1140 1893 erroris
1180 1856 1403 1906 corrigendi
1448 1869 1563 1893 causa
1608 1855 1676 1892 ad-

169 1926 307 1975 scripti
346 1925 520 1962 fuerunt.
582 1925 734 1962 Iniuria
771 1925 895 1974 igitur
928 1924 1171 1961 Camerarius
1211 1925 1323 1974 quasi
1354 1925 1526 1973 repetita
1555 1925 1676 1960 inter-

169 1995 373 2044 rogatione
397 1993 468 2031 hos
494 1993 570 2030 duo
587 2006 724 2030 versus
741 1996 833 2042 post
850 2007 885 2030 v.
908 1994 956 2030 33
976 1994 1123 2043 posuit.
1157 1992 1390 2029 Fleckeisen
1414 1993 1676 2042 posteriorem

170 2062 395 2108 damnavit,
436 2064 610 2111 priorem
648 2064 740 2111 post
771 2074 807 2097 V.
844 2062 893 2098 35
926 2062 1079 2110 posuit,
1120 2074 1356 2110 versumque
1392 2062 1441 2098 33
1482 2073 1552 2097 suo
1589 2060 1676 2097 1000

171 2133 323 2168 motum
354 2130 444 2166 huic
477 2130 670 2176 adiunxit,
698 2131 801 2166 iusto
829 2129 1026 2166 licentius.
1060 2149 1116 2154 —
1146 2139 1324 2177 nequam
1355 2125 1552 2176 homines,
1584 2141 1676 2164 nam

170 2197 401 2248 nequissimi
441 2198 586 2247 quique
625 2198 729 2235 servi
769 2197 809 2233 in
850 2197 1061 2246 pistrinum
1108 2197 1380 2234 mittebantur.
1423 2217 1472 2221 —-
1504 2193 1678 2244 polenia

169 2266 307 2303 farinae
346 2279 468 2315 genus
507 2269 583 2312 est,
624 2266 834 2302 maximam
872 2268 1027 2314 partem
1068 2278 1114 2301 ex
1144 2265 1293 2301 hordeo
1325 2264 1563 2310 confectum,
1596 2263 1675 2301 vid.

170 2334 271 2371 Plin.
296 2333 400 2370 Hist.
426 2336 507 2370 nat.
533 2332 677 2379 XVIII,
706 2334 741 2380 7,
773 2334 834 2379 14,
862 2334 927 2369 72.
960 2353 1016 2356 —
1050 2334 1113 2369 34.
1147 2332 1292 2370 Servus
1323 2332 1561 2369 horrendam
1593 2344 1676 2367 rem

171 2414 241 2438 suo
272 2402 427 2438 nomine
460 2400 662 2450 appellare
700 2401 850 2437 veritus
888 2414 960 2450 per
995 2401 1205 2448 aenigmata
1236 2414 1319 2436 cam
1351 2398 1548 2448 significat
1580 2399 1676 2435 satis

171 2469 350 2506 ridicula.
383 2465 557 2507 Insula-5·
580 2468 705 2504 molas
729 2468 906 2518 appellat
930 2469 969 2505 in
993 2469 1164 2518 pistrino
1192 2468 1352 2517 positas,
1376 2467 1676 2504 similitudinem

171 2537 240 2584 rei,
273 2540 318 2574 ut
349 2550 396 2573 ex
422 2537 676 2586 Pompeianis
707 2536 820 2573 molis
852 2540 1030 2586 apparet,
1065 2537 1219 2586 egregie
1251 2539 1421 2572 secutus.
1468 2535 1678 2572 Adiectiva

172 2604 447 2642 condicionem
480 2617 683 2641 servorum
710 2604 831 2641 molas
858 2605 1101 2641 versantium
1127 2604 1365 2654 exprimunt,
1392 2608 1437 2641 ut
1461 2604 1529 2653 qui
1552 2599 1676 2651 fusti·

172 2669 248 2710 bzt-S·
279 2670 511 2711 tundantur
549 2675 617 2709 aut
647 2672 893 2722 plectantur,
935 2669 1166 2721 ferreisque
1206 2671 1460 2722 compedibus
1499 2671 1676 2719 crepent.

171 2761 227 2765 —
261 2742 324 2777 35.
357 2737 510 2777 mortui
542 2736 664 2777 boue-5·
695 2742 788 2777 sunt
818 2740 904 2776 lora
936 2753 981 2776 cx
1010 2740 1116 2777 corio
1144 2739 1291 2776 bubulo
1319 2740 1433 2777 facta.
1460 2759 1516 2764 —
1542 2737 1677 2777 incur-

171 2808 288 2856 Scmt,
329 2807 540 2854 invadunt,
582 2808 628 2844 cf.
662 2807 767 2845 Poen.
803 2809 903 2845 822:
951 2808 1010 2854 „Is
1049 2821 1109 2844 me
1149 2811 1279 2844 autem
1318 2821 1437 2857 porro
1476 2807 1675 2854 uerberat,

171 2875 348 2912 incursat
384 2876 546 2925 pugnis,
597 2873 808 2912 calcibus“.
871 2876 972 2913 Rud.
1008 2877 1108 2913 722:
1161 2875 1422 2926 „pendentem
1469 2875 1676 2912 incursabo

156 2929 326 2993 pugnis.
358 2963 416 2968 ——
447 2944 512 2980 36.
547 2939 680 2981 Modo
701 2941 884 2992 percepi.
918 2944 995 2981 iam
1027 2943 1221 2991 intelligo.
1248 2962 1305 2967 -—
1339 2944 1402 2980 37.
1429 2941 1488 2980 sit
1510 2942 1541 2979 B
1572 2955 1675 2979 man.

1337 3017 1401 3051 23*
