1926 3275
147 278 174 321 Ι,
190 279 220 321 2,
235 278 358 319 23—3,
380 278 421 309 14
812 274 991 308 Asinaria.
1598 280 1650 317 87

149 403 206 444 At
244 402 431 444 scelesta
469 400 602 442 uiden
639 404 688 441 ut
725 414 777 441 ne
816 400 859 440 id
899 399 1074 454 quidem
1113 415 1180 442 me
1220 401 1397 455 dignum
1438 415 1531 443 esse
1565 402 1651 443 exi-

1109 476 1283 524 stumat,

151 547 287 598 Quem
318 545 460 596 adeat,
495 557 622 598 quem
655 542 945 597 conloquatur
977 544 1164 598 quoique
1195 545 1307 586 irato
1340 545 1580 598 supplicet?

138 619 291 671 ‘Atque
332 631 479 659 eccam
520 615 742 657 inlecebra
783 616 871 656 exit
916 616 1104 657 tandem.
1145 639 1200 644 —
1239 617 1403 670 Opinor
1442 616 1511 657 hic
1549 621 1651 658 ante

1110 689 1267 729 ostium
1589 689 1653 721 150

150 762 247 803 Meo
279 759 406 802 modo
438 760 594 814 loquar
624 773 734 813 quae
766 759 926 811 uolam,
958 759 1160 814 quoniam
1191 760 1306 801 intus
1332 775 1418 801 non
1442 760 1653 802 licitumst

1109 831 1224 872 mihi.

236 1019 389 1060 LENA
421 1016 731 1060 CLEARETA.
793 1015 1165 1058 ADULESCENS
1198 1016 1568 1060 ARGYRIPPUS.

780 1118 1030 1159 Cleareta

152 1194 295 1237 Unum
327 1192 529 1247 quodque
560 1191 744 1232 istorum
775 1189 956 1231 uerbum
987 1191 1171 1232 nummis
1202 1190 1439 1245 Philippeis
1472 1194 1615 1235 aureis

152 1266 249 1308 Non
280 1268 427 1319 potest
457 1262 628 1305 auferre
659 1262 759 1303 hinc
791 1276 816 1302 a
847 1276 927 1312 me,
960 1263 1095 1316 siquis
1127 1267 1296 1316 emptor
1325 1265 1515 1316 uenerit3

152 1339 242 1380 Nec
279 1341 398 1379 recte
437 1350 549 1390 quae
587 1339 635 1376 tu
672 1335 717 1375 in
754 1349 833 1375 nos
875 1334 1001 1385 dicis,
1049 1348 1201 1375 aurum
1247 1338 1379 1389 atque
1425 1341 1654 1389 argentum

1112 1411 1333 1448 merumst.

154 1482 284 1523 Fixus
315 1481 386 1521 hic
419 1480 536 1534 apud
565 1494 643 1521 nos
676 1483 742 1521 est
774 1479 941 1519 animus
972 1482 1071 1519 tuus
1104 1478 1229 1519 clauo
1264 1477 1508 1532 Cupidinis3
1591 1486 1655 1519 155

125 1553 348 1605 'Remigio
380 1552 564 1605 ueloque
596 1555 806 1605 quantum
838 1551 1001 1604 poteris
1032 1550 1192 1590 festina
1223 1554 1265 1590 et
1296 1550 1413 1603 fuge3

156 1625 293 1675 Quam
324 1625 460 1676 magis
490 1628 533 1664 te
563 1625 607 1664 in
639 1622 775 1663 altum
807 1622 1010 1675 capessis,
1042 1626 1131 1662 tam
1164 1626 1309 1662 aestus
1341 1626 1383 1663 te
1411 1623 1454 1663 in
1482 1627 1654 1677 portum

1112 1694 1259 1734 refert.

740 1765 1070 1819 Argyrippus

155 1840 246 1894 Ego
278 1839 350 1893 pol
381 1839 509 1879 istum
542 1838 798 1892 portitorem
830 1837 1011 1890 priuabo
1045 1837 1251 1890 portorio.

156 1912 247 1965 Ego
279 1916 322 1953 te
355 1911 523 1962 dehinc,
555 1915 602 1951 ut
632 1909 823 1951 merita's
858 1908 908 1950 (le
941 1923 1007 1949 me
1041 1913 1083 1949 et
1114 1922 1210 1948 mea
1239 1922 1298 1959 re,
1331 1912 1524 1950 tractare
1560 1922 1657 1950 exe-

1116 1994 1236 2034 quan

158 2055 370 2105 Quoniam
399 2058 448 2095 tu
477 2068 545 2095 me
576 2057 624 2095 ut
654 2053 834 2094 meritus
867 2068 960 2093 sum
992 2067 1077 2093 non
1109 2055 1287 2103 tractas,
1320 2065 1429 2104 quae
1460 2065 1524 2092 mc
1556 2051 1658 2092 eicis

1114 2124 1253 2165 domo.
1596 2123 1660 2156 160

784 2196 1040 2237 Cleareta

158 2270 297 2324 Magis
328 2271 440 2311 istuc
473 2269 734 2323 percipimus
765 2268 913 2321 lingua
945 2268 1034 2308 dici
1065 2281 1195 2322 quam
1226 2267 1354 2308 factis
1386 2265 1490 2307 fore.

744 2341 1073 2394 Argyrippus

161 2413 287 2456 Solus
318 2411 552 2455 solitudine
584 2426 660 2465 ego
692 2412 767 2453 ted
798 2417 928 2464 atque
961 2411 1015 2452 ab
1048 2413 1242 2463 egestate
1275 2408 1454 2459 abstuli3

162 2485 287 2527 Solus
319 2485 355 2526 si
386 2484 571 2535 (luctem,
602 2483 761 2525 referre
793 2484 979 2536 gratiam
1011 2495 1247 2534 numquam
1278 2484 1413 2533 potes.

788 2555 1037 2596 Cleareta

163 2628 290 2670 Solus
322 2628 515 2678 (luctato,
548 2627 585 2668 si
617 2641 786 2681 semper
818 2628 934 2668 solus
967 2640 1077 2678 quac
1109 2638 1287 2678 poscam
1318 2623 1460 2673 dabis3

162 2700 339 2753 Semper
355 2699 436 2740 tibi
453 2699 710 2753 promissum
726 2699 884 2740 habeto
902 2698 982 2738 hac
999 2697 1107 2749 lege,
1125 2697 1225 2737 dum
1246 2710 1422 2749 superes
1440 2695 1566 2736 datis.
1597 2700 1660 2732 165

258 2855 321 2887 149
347 2853 564 2887 conlocatur
660 2853 723 2886 160
748 2852 864 2894 Quom
935 2862 1015 2894 quae
1043 2850 1128 2884 eicis
1226 2850 1289 2882 162
1314 2853 1349 2882 te
1375 2849 1511 2890 datque
