1926 3275
236 328 314 368 182
841 323 1122 367 Prolegomena.

233 455 370 492 similis
403 456 521 503 atque
552 452 650 490 adeo
682 452 857 489 eiusdem
891 452 1047 501 generis
1086 464 1187 498 esse,
1221 463 1264 487 ac
1295 449 1475 496 fuerunt,
1509 449 1578 499 qui
1607 451 1735 486 totum

232 536 355 572 genus
384 522 627 559 trochaicum
658 521 790 570 potius
822 533 939 570 quam
968 519 1180 556 iambicum
1218 517 1498 568 appellandum
1533 519 1737 554 censerent

232 591 499 639 iambicosque
537 602 672 626 versus
711 588 931 626 trochaicos
963 601 1051 624 cum
1083 587 1264 624 anacrusi
1296 586 1491 623 dicerent:
1523 587 1736 634 utrumque

235 663 372 697 contra
401 659 657 707 antiquorum
687 669 846 702 morem,
880 656 960 705 qui,
992 658 1038 692 ut
1068 655 1211 704 pedem
1240 654 1332 692 tolli
1362 666 1522 691 necesse
1554 655 1614 689 est
1644 655 1736 689 ante

235 741 351 777 quam
381 729 564 776 ponatur,
596 725 653 762 ita
683 725 791 761 arsin
821 723 944 770 thesi,
977 724 1003 760 i.
1037 736 1069 760 e.
1102 723 1291 760 leviorem
1321 721 1434 772 pedis
1464 724 1618 771 partem
1648 734 1736 770 gra-

234 797 334 834 viori
366 793 595 832 antecedere
621 792 820 829 volebant.
866 791 990 842 Nobis
1018 804 1256 841 quamquam
1280 803 1420 840 parum
1450 789 1599 826 referre
1628 789 1736 826 vide-

234 871 319 911 tur,
353 875 430 913 quo
462 861 620 898 nomine
650 863 829 907 utamur,
864 860 897 896 si
929 859 1087 908 quidem
1124 859 1242 895 aliter
1279 859 1320 894 in
1356 857 1476 906 pedes
1515 857 1737 906 descriptus

233 946 369 971 versus
408 931 525 968 aliter
562 928 813 977 pronuntiari
852 941 931 964 non
970 927 1107 974 debet,
1154 930 1288 963 tamen
1332 926 1587 975 antiquorum
1632 925 1737 962 ratio

234 1002 357 1051 magis
388 997 597 1049 probatur,
637 996 830 1045 imprimis
867 995 1043 1032 historiae
1084 1008 1218 1041 causa3
1259 1007 1350 1031 nam
1390 994 1465 1030 nisi
1501 993 1624 1030 iambi
1654 995 1738 1029 tro-

236 1069 350 1106 chaeis
382 1065 626 1115 antiquiores
658 1066 805 1111 essent,
845 1076 1060 1112 numquam
1097 1063 1222 1099 totius
1261 1063 1415 1110 generis
1454 1074 1596 1098 nomen
1635 1061 1738 1098 obti-

234 1138 430 1181 nuissent,
495 1135 562 1170 aut
622 1134 772 1181 poetae,
835 1131 903 1180 qui
961 1126 1173 1168 trochaicis
1224 1129 1403 1167 versibus
1456 1133 1495 1166 et
1546 1128 1739 1166 hendeca-

237 1204 397 1255 syllabis
433 1202 496 1239 usi
533 1203 682 1246 essent,
723 1198 996 1249 iambographi
1036 1201 1167 1235 essent
1197 1198 1401 1248 appellati.
1463 1196 1611 1234 Contra
1640 1197 1740 1234 levis

237 1271 447 1311 admodum
479 1271 537 1305 est
568 1268 685 1314 ratio,
718 1280 795 1303 non
828 1267 915 1304 dico
942 1266 1170 1313 Hermanni,
1205 1267 1284 1315 qui,
1319 1279 1439 1315 quum
1469 1264 1545 1302 sibi
1574 1277 1739 1314 persua-

238 1342 353 1378 sisset
392 1337 611 1386 graviorem
649 1335 762 1385 pedis
800 1339 955 1384 partem
1002 1331 1224 1382 „causam“,
1269 1334 1455 1370 leviorem
1506 1331 1735 1380 „effectum“

239 1421 341 1454 esse,
389 1418 545 1443 causam
589 1404 728 1453 utique
768 1403 925 1440 effectui
963 1406 1203 1452 anteponere
1242 1401 1474 1451 cogebatur,
1515 1401 1585 1438 sed
1624 1402 1741 1439 etiam

237 1475 427 1521 Bentleii,
461 1473 528 1522 qui
558 1471 645 1509 ideo
677 1471 863 1508 iambicos
894 1484 1030 1508 versus
1062 1469 1275 1507 secundum
1304 1469 1527 1507 trochaicas
1559 1469 1741 1518 dipodias

238 1543 369 1581 metiri
406 1540 573 1585 mavult,
615 1540 707 1589 quia
744 1539 819 1576 hoc
863 1552 975 1586 „cum
1013 1551 1169 1576 caesurae
1203 1537 1336 1574 indole
1368 1535 1616 1583 conveniat“,
1648 1537 1673 1574 i.
1706 1550 1739 1574 e.

240 1612 332 1662 quia
369 1610 423 1647 sic
460 1609 693 1658 plerumque
732 1621 810 1644 una
840 1621 928 1644 cum
960 1606 1124 1656 dipodia
1152 1605 1317 1643 verbum
1346 1605 1594 1642 terminetur.
1655 1603 1741 1642 Hoc

238 1681 294 1716 ita
333 1691 415 1715 esse
452 1677 548 1714 satis
586 1675 774 1713 videbant
805 1675 977 1724 antiqui,
1019 1673 1087 1711 sed
1125 1673 1167 1710 id
1202 1673 1331 1722 ipsum
1361 1672 1664 1722 praecipiebant,
1695 1675 1740 1709 ut

237 1746 430 1785 vocabula
458 1746 499 1781 in
529 1744 668 1781 mediis
698 1743 867 1793 pedibus
906 1743 1232 1788 terminarentur,
1274 1754 1352 1778 non
1382 1742 1435 1777 in'
1456 1740 1660 1787 extremis,
1693 1754 1742 1777 ne

238 1829 393 1861 versus,
427 1815 494 1864 qui
523 1825 625 1849 unus
664 1825 746 1848 esse
779 1811 968 1857 debebat,
1001 1811 1042 1847 in
1071 1810 1206 1860 plures
1246 1809 1491 1846 divideretur
1527 1822 1572 1845 ac
1608 1809 1742 1858 potius

240 1884 491 1920 disiectorum
522 1879 785 1917 membrorum
818 1892 935 1928 quam
977 1878 1234 1915 articulorum
1265 1877 1364 1914 bene
1395 1878 1623 1914 iunctorum
1654 1889 1742 1926 spe-

240 1952 336 1988 ciem
367 1949 574 1999 praeberet.
628 1948 703 1985 Est
734 1948 836 1984 enim
866 1946 950 1983 haec
989 1958 1182 1982 caesurae
1220 1945 1279 1981 vis
1311 1947 1350 1981 et
1381 1945 1422 1981 in
1453 1944 1616 1981 senariis
1646 1945 1742 1981 iam·

238 2018 335 2055 bicis
367 2021 407 2054 et
437 2018 478 2053 in
509 2015 748 2053 hexametris
781 2014 998 2063 dactylicis,
1025 2017 1071 2050 ut
1094 2011 1204 2050 finito
1228 2012 1421 2050 vocabulo
1446 2024 1523 2048 non
1546 2012 1587 2048 in
1610 2011 1742 2049 medio

239 2099 355 2123 versu
397 2083 502 2134 (post
539 2084 702 2120 tertium
739 2079 896 2132 pedem)
937 2081 1007 2118 sed
1043 2093 1168 2130 prope
1206 2080 1376 2117 medium
1417 2077 1665 2129 (plerumque
1702 2080 1744 2116 in

240 2155 361 2191 tertio
400 2156 468 2189 aut
504 2153 546 2189 in
585 2155 727 2201 quarto
767 2148 884 2200 pede)
924 2162 1099 2195 versum,
1141 2149 1208 2198 qui
1246 2151 1411 2197 propter
1454 2146 1743 2195 longitudinem

242 2221 365 2259 dividi
396 2220 534 2267 debet,
574 2220 615 2256 in
652 2221 786 2269 partes
826 2221 950 2264 secet,
985 2229 1090 2267 quae,
1124 2217 1217 2265 quia
1247 2216 1464 2265 inaequales
1503 2217 1614 2261 sunt,
1646 2215 1742 2264 ipsae

240 2301 376 2325 versus
402 2301 485 2324 esse
509 2300 588 2324 non
613 2287 779 2335 possint.
826 2285 968 2334 Itaque
997 2282 1427 2330 „animadverterunt“,
1452 2285 1498 2320 ut
1522 2283 1577 2320 ait
1594 2281 1743 2319 Gellius

240 2356 391 2402 XVIII,
428 2357 497 2401 15,
543 2355 737 2401 „metrici,
770 2354 919 2403 primos
960 2353 1058 2390 duos
1097 2351 1237 2402 pedeS,
1270 2352 1365 2388 item
1398 2354 1593 2388 extremos
1633 2350 1742 2396 duos,

242 2423 387 2460 habere
431 2436 545 2472 posse
589 2424 763 2471 integras
800 2424 934 2470 partes
974 2420 1186 2467 orationis,
1227 2419 1376 2456 medios
1414 2418 1521 2456 haud
1557 2431 1745 2468 umquam

243 2503 373 2539 posse,
406 2490 475 2527 sed
507 2493 684 2527 constare
716 2502 781 2526 eos
820 2502 974 2538 semper
1005 2502 1052 2526 ex
1082 2488 1214 2526 verbis
1246 2491 1314 2525 aut
1345 2487 1481 2524 divisis
1514 2489 1582 2523 aut
1612 2486 1744 2523 mixtis

245 2562 361 2607 atque
385 2556 596 2604 confusis“,
620 2558 851 2606 Mariusque
867 2556 1093 2593 Victorinus
1117 2569 1155 2605 p.
1184 2557 1291 2593 2525
1317 2556 1382 2592 P.:
1414 2555 1630 2605 „pessimus
1655 2566 1744 2591 ver-

244 2638 308 2661 sus
333 2623 416 2661 est“
450 2626 580 2674 inquit
611 2626 702 2674 „qui
729 2624 885 2674 singula
908 2624 1029 2661 verba
1053 2624 1094 2660 in
1119 2623 1291 2673 dipodiis
1314 2622 1450 2660 habet:
1483 2621 1744 2659 Praesentium

246 2693 432 2729 divinitas
464 2691 734 2729 caelestiu1n“.
781 2692 979 2729 Caesuram
1011 2695 1140 2728 autem
1174 2692 1319 2728 senarii
1350 2691 1443 2728 satis
1475 2692 1631 2727 constat
1660 2688 1744 2738 ple-

247 2773 410 2809 rumque
442 2760 609 2796 inveniri
649 2760 688 2795 in
725 2761 843 2796 tertio
881 2759 1003 2809 pede3
1041 2758 1383 2808 penthemimeren
1421 2757 1521 2794 hanc
1560 2756 1745 2794 dicebant

248 2827 412 2876 antiqui,
438 2827 704 2863 recentiorum
727 2827 907 2864 nonnulli
934 2829 1049 2876 „post
1065 2827 1233 2875 primam
1250 2826 1450 2876 dipodiam
1465 2822 1743 2862 trochaicam“.

247 2895 378 2932 Minus
409 2895 590 2943 frequens
623 2907 771 2931 czesura
802 2895 841 2930 in
869 2898 1010 2944 quarto
1038 2893 1137 2942 pede
1162 2897 1232 2940 est,
1257 2893 1626 2942 hephthemimeres.
1669 2891 1746 2941 Sed
