1926 3275
209 343 214 346 .
227 312 251 351 2
258 312 311 351 64
858 305 1094 350 Amphitruo.

227 440 401 474 scortum
432 433 539 474 male
571 435 840 481 conduxerint,
873 436 897 472 i.
926 448 957 472 e.
991 447 1090 480 care,
1122 447 1276 483 magno,
1309 437 1355 470 ut
1387 435 1441 471 ait
1467 433 1649 471 Donatus
1680 434 1730 471 ad

227 505 387 542 Terent.
418 504 519 541 Eun.
552 505 595 550 4,
630 505 673 550 4,
709 505 731 540 2
763 503 865 540 hunc
904 515 1058 539 versum
1090 501 1266 538 laudans.
1329 500 1598 549 Contrarium,
1631 499 1732 540 bene

229 583 372 619 emere,
404 572 533 609 Plaut.
565 571 685 608 Most.
722 572 814 608 292.
876 569 982 607 Suet.
1016 569 1063 606 D.
1095 569 1169 607 Iul.
1205 571 1269 607 50.
1303 569 1365 616 01.,
1398 583 1433 607 v.
1467 569 1586 608 Gron.
1619 570 1730 609 Lect.

227 641 356 677 Plaut.
396 653 434 689 p.
471 641 622 677 151-
663 639 756 676 286.
797 633 1052 687 Complexus,
1093 638 1139 674 cf.
1181 637 1337 674 Luci-et.
1378 637 1434 685 II,
1480 639 1577 676 1542
1629 638 1731 686 „Sed

229 709 583 758 0011Ῑ11οΧοΠ100111
614 709 720 744 inter
750 719 790 743 se
823 719 972 755 conque
1004 704 1205 755 globata“.
1259 705 1351 751 Quae
1382 709 1612 755 sequuntur,
1641 717 1732 745 cum

228 772 460 814 Alcumena
491 772 621 821 cubat,
655 775 832 823 separari
863 787 942 811 non
975 773 1132 811 debent.

346 845 439 881 288.
475 839 568 891 quis
600 842 662 879 est
691 839 758 879 Mc
788 838 925 889 homo,
966 842 1040 879 1100
1080 842 1219 879 ordine
1250 841 1294 878 Β.
1326 861 1382 866 —
1412 838 1488 880 7200
1516 840 1651 880 noctis
1684 843 1732 881 cf.

234 913 324 950 154.
355 931 413 936 —
445 912 538 948 289.
571 906 840 948 wlefe'eulosus
881 908 1072 957 (secunda
1101 906 1259 957 longa),
1292 910 1316 946 i.
1351 923 1383 946 e.
1415 914 1541 947 metus
1579 911 1732 961 plenus,

230 980 276 1018 cf.
301 979 421 1017 Most.
452 980 579 1016 1083:
612 978 772 1025 „Nescis
798 991 914 1027 quam
940 978 1172 1014 meticulosa
1196 991 1258 1014 res
1283 979 1335 1014 sit
1358 979 1413 1014 ire
1440 978 1490 1015 ad
1521 979 1731 1018 iudicem“.

228 1069 286 1073 —
316 1044 389 1085 7206
420 1056 557 1095 aeque,
589 1048 613 1083 i.
640 1060 672 1083 e.
706 1059 829 1095 aeque
863 1049 981 1094 atque
1012 1045 1086 1081 hic.
1134 1045 1227 1082 Haec
1261 1048 1364 1082 enim
1396 1048 1595 1096 particula
1626 1048 1734 1097 apud

229 1116 412 1153 Plautum
447 1115 705 1164 comparativi
736 1114 853 1151 modo
886 1113 1140 1159 construitur,
1175 1113 1221 1150 cf.
1256 1113 1366 1151 Curc.
1404 1115 1502 1151 141:
1540 1115 1640 1161 „Qui
1670 1130 1734 1153 me

231 1197 355 1233 aeque
386 1183 612 1220 fortunatus
645 1180 770 1218 erit?“
822 1181 948 1219 Casin.
985 1181 1084 1217 652:
1122 1181 1283 1230 „Neque
1316 1186 1376 1219 est
1407 1196 1534 1232 neque
1565 1183 1641 1220 fuit
1671 1198 1733 1222 me

230 1265 350 1289 senex
381 1252 590 1300 quisquam
622 1253 775 1287 amator
806 1249 982 1298 adaeque
1013 1247 1170 1286 miser“.
1216 1249 1340 1287 Most.
1370 1252 1442 1287 29:
1480 1250 1588 1297 „Quo
1618 1265 1735 1289 nemo

231 1321 409 1369 adaeque
438 1319 646 1355 iuuentute
679 1331 725 1354 ex
757 1319 862 1363 omni
893 1317 1029 1353 Attica
1061 1317 1225 1354 antehac
1266 1321 1324 1354 est
1357 1318 1516 1356 habitus
1550 1318 1732 1369 parcus“.

230 1389 365 1427 Etiam
391 1387 493 1424 Plin.
520 1386 623 1423 Hist.
656 1389 738 1422 nat.
770 1385 932 1432 XXXV,
966 1383 986 1432 ἓ
1023 1386 1091 1422 17;
1130 1387 1318 1435 „picturae
1353 1415 1360 1422 .
1381 1416 1388 1423 .
1408 1417 1415 1423 .
1450 1387 1592 1436 quibus
1625 1388 1733 1437 equi-

232 1458 320 1494 dem
351 1456 478 1493 nullas
510 1467 634 1503 aeque
666 1451 876 1490 demiror“.
903 1473 958 1477 —
987 1449 1114 1502 Quem
1146 1452 1257 1490 codd.
1294 1451 1431 1500 (etiam
1455 1452 1504 1502 B)
1534 1459 1732 1506 corrupte.

230 1525 398 1562 Bothius
434 1521 538 1570 „Mi“
574 1521 792 1567 scribebat3
826 1521 979 1558 facilius
993 1521 1141 1557 Muller
1172 1519 1308 1567 ,,Ε111“.
1356 1520 1590 1560 Fleckeisen
1615 1524 1734 1572 longe

234 1592 343 1631 aliud
382 1591 581 1641 reposuit:
633 1589 783 1636 „Quom
824 1587 1076 1637 [recogito]“.
1140 1589 1276 1626 Oratio
1321 1603 1399 1627 non
1446 1590 1625 1641 obliqua,
1665 1592 1735 1630 sed

234 1665 354 1707 recta,
387 1663 432 1696 ut
463 1672 565 1708 saepe
597 1658 702 1708 apud
734 1655 866 1704 credo,
900 1655 1060 1706 opinor,
1092 1654 1190 1704 8050,
1223 1658 1272 1695 01.
1328 1657 1499 1696 Veretur
1530 1658 1654 1707 Sosia,
1687 1674 1736 1698 ne

235 1730 274 1766 in
310 1729 507 1766 latronem
548 1726 716 1773 incidat,
758 1727 825 1775 qui
864 1739 904 1762 se
943 1725 1038 1762 fusti
1068 1725 1349 1762 verberaturus
1381 1727 1451 1773 sit3
1483 1727 1550 1763 sed
1583 1728 1737 1765 scurrili

233 1809 436 1834 servorum
469 1795 621 1832 ratione
652 1808 732 1831 non
763 1794 993 1843 simpliciter
1024 1793 1098 1831 hoc
1129 1793 1242 1840 dicit,
1277 1794 1344 1830 sed
1377 1808 1448 1843 per
1481 1795 1736 1834 circumlocu-

234 1866 385 1902 tionem
417 1876 504 1900 011111
534 1862 699 1912 pallium
732 1876 843 1899 suum
876 1859 1009 1899 (tenuo
1042 1859 1306 1899 detextmwn
1337 1875 1420 1899 esse
1446 1862 1555 1910 dicit,
1583 1865 1736 1901 namin

234 1931 406 1969 texendo
444 1931 523 1967 1010
561 1930 673 1967 radio
713 1934 753 1966 et
790 1931 948 1979 pectine
987 1929 1203 1966 identidem
1235 1929 1483 1967 verberatur.
1547 1929 1737 1970 detexere

237 2003 368 2037 autem
401 2001 459 2035 est
487 2001 712 2047 pertexere,
748 1998 794 2035 cf.
827 1997 968 2034 Pseud.
1001 1998 1095 2035 400.
1144 1997 1263 2034 Titin.
1295 2011 1331 2034 v.
1367 1999 1438 2034 25:
1476 2012 1601 2048 „quae
1632 2001 1738 2037 inter

235 2067 369 2104 decem
409 2079 531 2102 annos
569 2066 744 2114 nequisti
782 2079 899 2102 unam
937 2068 1071 2112 togam
1103 2064 1326 2102 detexere“.
1389 2065 1509 2104 Cicer.
1543 2067 1592 2104 de
1624 2067 1734 2105 Orat.

234 2135 284 2181 ΙΙ,
320 2135 384 2181 38,
422 2134 519 2170 158:
562 2133 728 2182 „quibus
760 2138 850 2170 ante
882 2146 1023 2169 exorsa
1054 2136 1093 2169 et
1122 2133 1255 2181 potius
1287 2133 1449 2170 detexta
1478 2148 1601 2184 prope
1633 2139 1736 2172 rete-

235 2199 420 2239 xantur“.
480 2200 638 2249 Ulpian.
680 2202 720 2237 in
758 2200 846 2248 Dig.
879 2200 1060 2246 XXXIV,
1096 2202 1138 2247 2,
1175 2202 1246 2237 22:
1299 2200 1435 2247 „Quod
1474 2203 1630 2239 in.tela
1677 2207 1738 2240 est

235 2270 409 2306 nondum
441 2268 644 2305 detextum
685 2271 912 2305 contextum
951 2266 1211 2318 appellatu1·“.
1271 2268 1429 2306 Scilicet
1459 2270 1499 2306 in
1530 2271 1612 2307 tela
1641 2285 1736 2321 pen-

236 2338 330 2375 dula
367 2338 446 2374 sive
486 2339 618 2373 stante
660 2333 814 2385 (ὀρθίῳ)
854 2336 1024 2373 texendo
1058 2335 1320 2374 descenditur.
1382 2336 1493 2387 Saepe
1525 2342 1655 2375 autem
1686 2339 1735 2376 ab

235 2406 294 2442 his
326 2405 443 2441 rebus
474 2403 523 2440 ad
555 2404 720 2441 verbera
750 2402 1006 2453 significanda
1037 2404 1253 2441 similitudo
1283 2406 1444 2454 petitur,
1477 2409 1521 2443 ut
1556 2410 1737 2456 „pectere

236 2470 446 2519 sustibus“,
478 2469 766 2518 „car1ninare“,
786 2472 835 2508 al.
853 2492 910 2497 —
934 2469 1080 2518 demto,
1106 2472 1153 2509 cf.
1174 2473 1267 2509 313.
1292 2493 1349 2497 —
1374 2474 1467 2510 290.
1493 2469 1597 2511 Illic
1618 2471 1737 2512 homo

236 2538 309 2579 7106
340 2540 465 2586 codd„
498 2541 669 2576 numeris
703 2539 1030 2577 claudicantibus.
1078 2540 1192 2578 Both.
1224 2539 1390 2587 „hocce“
1426 2541 1642 2588 scribebat;
1675 2541 1734 2579 Fl.

241 2609 338 2655 „hoc
369 2606 537 2644 nieum“.
584 2607 664 2644 Nos
696 2610 820 2645 secuti
855 2621 988 2644 sumus
1020 2609 1277 2656 antiquiores,
1311 2609 1378 2657 qui
1409 2609 1564 2646 inverso
1596 2609 1735 2646 ordine

242 2676 338 2723 „hoc
369 2673 507 2711 homo“
545 2675 726 2721 edebant,
759 2689 850 2712 num
881 2676 951 2712 tali
984 2675 1156 2712 chiasmo
1184 2677 1222 2712 in
1249 2676 1478 2713 ordinandis
1502 2677 1632 2713 verbis
1656 2690 1735 2714 non

236 2757 325 2780 1010
366 2744 492 2779 utitur
524 2743 707 2789 Plautus,
748 2743 794 2780 cf.
834 2743 937 2779 infra
976 2744 1068 2780 641.
1112 2744 1205 2780 705.
1248 2744 1340 2780 084.
1388 2744 1497 2781 Αο111.
1533 2745 1596 2781 32.
1643 2744 1733 2781 Aul.

238 2811 338 2847 679:
384 2814 445 2857 „te
480 2823 564 2846 00111
597 2811 862 2859 conpressisse
900 2811 1145 2847 uinolentum
1177 2809 1411 2858 virginem“.
1458 2811 1597 2848 Bacch.
1633 2812 1733 2849 541:

241 2877 337 2925 „hoo
369 2891 415 2914 cx
446 2878 602 2926 ingenio
634 2878 735 2914 malo
768 2878 913 2914 1110111111
945 2878 1153 2914 inveniunt
1184 2877 1295 2916 suo“.
1359 2880 1459 2917 743:
1497 2879 1616 2928 „quid
1646 2879 1734 2916 istis
