1926 3275
820 285 862 319 V.
889 287 1080 321 268—283.
1621 293 1703 332 263

200 416 299 452 657:
345 416 552 462 „miserum
583 428 645 452 me
676 415 796 452 habes
826 416 980 452 miseris
1012 414 1182 453 modis“.
1244 416 1364 455 Most.
1402 419 1499 455 157:
1548 419 1703 465 „Venus

197 481 403 520 venusta“.
449 483 536 520 Mil.
563 484 663 520 954:
700 484 930 533 „pulchram
960 483 1336 533 pulchritudinem“.
1384 486 1493 524 Asin.
1523 488 1616 524 264.
1651 488 1700 526 al.

197 551 334 589 multa.
374 572 430 576 —
469 549 610 589 datam
657 549 725 598 (sc.
759 550 937 602 operam)
978 548 1156 601 pulchre
1198 548 1328 599 ἷοσαδ,
1375 554 1458 591 11011
1504 554 1700 602 dubitare,

197 621 293 669 quin
323 620 398 656 tibi
427 621 596 669 gratiam
634 620 830 657 relaturus
869 621 920 656 sit
949 623 1063 669 pater
1094 633 1213 658 meus.
1249 640 1299 645 —
1332 620 1520 659 Errorem
1552 623 1637 661 cod.
1670 624 1702 661 B

197 684 271 725 (les
301 687 422 724 ceteri
461 688 679 734 evitarunt3
717 687 814 733 „(la“
850 688 1019 737 intelligi
1049 692 1228 737 poterat;
1263 702 1330 726 cur
1362 690 1587 739 imperativi
1617 692 1702 729 loco

196 756 468 793 coniunctivus
506 759 738 805 poneretur,
781 756 887 793 nulla
930 769 1047 793 causa
1080 760 1176 794 crat.
1208 777 1266 781 ———
1298 758 1392 795 275.
1424 768 1489 796 me
1517 756 1703 806 uidisse,·

196 824 300 861 hunc
331 823 544 861 verborum
577 823 757 860 ordinem
789 837 925 861 versus
956 823 1122 871 flagitat,
1156 838 1199 861 ac
1225 825 1361 862 'nescio
1394 839 1443 862 an
1475 839 1519 863 eo
1549 832 1703 877 spectet-

195 893 315 929 etiam
361 905 473 928 error
511 891 594 929 cod.
635 891 666 928 B
711 891 931 937 ‚‚ue(lisse“.
974 912 1026 916 —
1068 893 1162 929 276.
1196 892 1308 930 Sosia
1346 898 1463 943 negat
1501 908 1541 931 se
1579 895 1700 932 ullam

194 960 343 997 vidisse
374 959 589 1009 longiorem
621 963 789 997 noctem.
836 959 963 998 Unius
996 961 1033 997 ei
1064 961 1105 996 in
1128 964 1300 998 mentem
1325 963 1446 1009 venit,
1472 975 1590 1011 quam
1615 977 1701 1001 cum

194 1028 267 1065 hac
297 1040 528 1077 comparare
559 1028 705 1076 possit,
739 1041 817 1077 qua
853 1028 1083 1065 verberatus
1115 1030 1272 1077 vesperi
1303 1043 1427 1078 usque
1459 1030 1508 1066 ad
1538 1032 1700 1068 matuti-

195 1109 288 1133 num
318 1100 474 1145 tempus
506 1094 554 1131 de
584 1095 698 1132 trabe
734 1109 944 1144 suspensus
984 1096 1124 1142 fuerit;
1164 1096 1233 1133 sed
1270 1097 1380 1134 illam
1420 1111 1575 1148 quoque
1614 1099 1700 1136 bre-

194 1165 345 1202 viorem
377 1163 498 1200 fuisse
523 1167 666 1200 censet.
714 1163 809 1201 Post
833 1161 920 1202 2212'82'
944 1164 1091 1212 hiatur,
1121 1164 1166 1201 cf.
1185 1164 1342 1213 Proleg.
1369 1179 1407 1215 p.
1428 1167 1508 1204 220
1535 1170 1573 1203 et
1598 1169 1699 1214 2243

193 1231 253 1270 Fl.
274 1229 419 1270 itidem
438 1232 609 1280 scripsit.
627 1252 683 1257 ———
694 1233 921 1282 paperem,
947 1235 1192 1282 perpetuam,
1221 1232 1267 1270 cf.
1293 1233 1396 1270 infra
1421 1235 1515 1272 725.
1540 1235 1571 1271 T
1575 1236 1698 1272 rucul.

196 1301 289 1337 278.
322 1299 518 1337 Pacuv.v.
541 1300 639 1336 188:
677 1299 1018 1346 „Concorditatem
1044 1299 1290 1350 perpetem“.
1326 1302 1428 1339 208:
1462 1303 1587 1348 „hanc
1609 1317 1699 1353 ope-

193 1382 277 1406 ram
314 1368 411 1405 mihi
449 1367 518 1404 des
557 1366 803 1417 perpetem“.
837 1389 892 1393 —
925 1370 1019 1406 278.
1053 1369 1196 1417 atque,
1236 1369 1260 1405 i.
1293 1383 1325 1406 e.
1361 1373 1399 1406 et
1430 1370 1609 1419 quidem,
1651 1372 1698 1410 cf.

193 1437 305 1474 Asin.
332 1437 426 1473 709.
459 1435 543 1473 Mil.
572 1437 664 1474 369.
697 1436 840 1474 Pseud.
869 1437 962 1473 744.
996 1437 1136 1475 Bacch.
1167 1438 1258 1475 564.
1293 1437 1420 1475 Casin.
1449 1440 1547 1476 692:
1587 1439 1699 1486 „Ser-

193 1518 264 1543 uos
292 1518 332 1541 es
490 1504 622 1553 Atque
653 1503 802 1542 meus“.
836 1505 924 1542 Ter.
949 1504 1051 1542 Eun.
1082 1507 1174 1543 915.
1207 1505 1351 1543 Heaut.
1378 1507 1477 1544 7632
1515 1507 1699 1554 „Faciam

193 1573 289 1611 boni
320 1571 394 1609 tibi
426 1571 578 1621 aliquid
608 1585 680 1622 pro
711 1573 787 1609 ista
819 1587 872 1620 re,
906 1587 950 1610 ac
980 1571 1159 1611 lubens“.
1192 1594 1249 1599 —
1280 1571 1490 1623 adpotum,
1523 1575 1571 1611 cf.
1595 1575 1696 1612 Rud.

196 1641 295 1678 566:
335 1641 392 1687 „si
421 1639 545 1689 probe
570 1639 739 1690 adpotus
764 1642 859 1678 siem
870 1639 903 1678 “.
946 1640 1046 1679 Gell.
1064 1641 1118 1677 VI
1135 1639 1256 1689 (VII),
1277 1643 1313 1689 7,
1334 1644 1370 1679 7.
1387 1662 1444 1666 —
1462 1643 1555 1680 279.
1580 1639 1700 1681 DIz'ra

191 1709 309 1757 szmt,
340 1710 365 1746 1.
400 1722 432 1746 6.
464 1709 606 1745 mirum
639 1713 718 1755 est,
753 1709 800 1746 cf.
834 1709 936 1745 infra
968 1710 1063 1746 428.
1125 1709 1266 1746 Bacch.
1301 1711 1395 1747 446.
1455 1709 1567 1759 Capt.
1604 1712 1696 1748 797.

192 1776 322 1815 Oasin.
360 1778 451 1814 177.
513 1777 622 1814 Trin.
658 1778 751 1814 861.
813 1777 954 1814 Pseud.
992 1778 1112 1814 1212.
1173 1777 1279 1816 Men.
1317 1779 1444 1816 1024:
1483 1778 1603 1828 „quid
1635 1780 1697 1825 sit,

192 1845 291 1882 mira
323 1843 456 1882 sunt“.
517 1844 623 1882 Poen.
658 1846 756 1882 842:
811 1845 976 1892 „Omnia
1017 1846 1160 1895 edepol
1202 1847 1300 1883 mira
1338 1851 1448 1893 sunt,
1491 1847 1568 1883 nisi
1609 1860 1699 1883 erus

191 1913 295 1951 hunc
326 1913 509 1950 heredem
550 1911 686 1951 facit“.
750 1913 835 1951 Huc
873 1927 1029 1963 quoque
1068 1915 1241 1963 pertinet
1271 1914 1427 1952 Terent.
1460 1914 1561 1952 Eun.
1596 1916 1695 1952 288:

198 1982 320 2026 „mira
366 1994 482 2027 uero,
529 1981 647 2018 militi
687 1983 754 2031 qui
792 1981 994 2031 placeat²‘;
1043 1996 1158 2031 quem
1203 1983 1330 2020 locum
1376 1987 1482 2019 recte
1528 1983 1699 2032 explicat

192 2049 390 2096 Donatus,
425 2049 514 2087 coll.
547 2049 663 2099 Verg.
697 2050 787 2087 AEn.
820 2050 855 2096 I,
892 2050 990 2086 669:
1043 2050 1171 2097 „Nota-
1201 2050 1315 2087 tibi‘⁴.
1377 2050 1434 2087 Cf.
1466 2050 1585 2088 Most.
1622 2052 1696 2088 40:

197 2117 414 2167 „patiunda
443 2116 576 2155 sunt“.
622 2117 759 2167 Neque
792 2118 907 2154 aliter
932 2116 1071 2164 Graeci,
1098 2132 1133 2156 v.
1152 2118 1284 2155 Madv.
1304 2118 1466 2167 Syntax.
1485 2118 1606 2156 Graec.
1630 2120 1647 2156 1
1674 2118 1698 2155 b

192 2189 273 2223 not.
308 2186 345 2222 4.
378 2206 433 2225 7—
464 2182 687 2232 inuitauit,
722 2185 768 2222 cf.
802 2185 905 2222 Rud.
941 2186 1040 2222 362:
1092 2185 1325 2235 „Neptunus
1363 2188 1515 2235 magnis
1547 2187 1698 2236 poculis

192 2251 264 2290 hac
294 2239 409 2289 nocte
441 2265 529 2288 eum
560 2251 790 2290 inuitauit“.
850 2255 949 2291 590:
989 2255 1043 2300 „si
1075 2255 1244 2291 inuitare
1276 2268 1346 2291 nos
1376 2255 1579 2304 paulisper
1609 2269 1696 2305 per—

192 2324 326 2368 geret3
358 2319 509 2356 Ibidem
542 2320 911 2359 ob(lorn1issen1us“.
959 2321 1168 2359 Sallustius
1200 2323 1305 2371 apud
1330 2322 1502 2361 Nonium
1526 2337 1565 2373 p.
1594 2324 1694 2361 321:

198 2401 341 2437 „quum
380 2400 420 2424 se
460 2387 514 2423 ibi
546 2388 630 2425 cibo
662 2390 831 2439 vinoque
863 2389 943 2426 laeti
976 2388 1232 2428 invitarent“.
1296 2390 1454 2428 Sueton.
1487 2392 1587 2440 Aug.
1623 2393 1694 2428 77:

198 2458 406 2506 „quotiens
438 2456 655 2505 largissime
687 2470 727 2493 se
759 2458 966 2503 invitaret,
1001 2471 1115 2495 senos
1148 2462 1346 2495 sextantes
1379 2472 1457 2496 non
1490 2457 1695 2496 excessit“.

193 2544 250 2549 —
289 2525 382 2562 280.
414 2520 522 2570 Ain,
565 2526 645 2561 sive
685 2522 792 2562 Aiin
838 2525 1009 2562 scribere
1056 2527 1200 2572 mavis,
1249 2525 1486 2574 disyllabum
1532 2530 1610 2573 est,
1659 2531 1697 2564 et

194 2593 351 2643 quidem
392 2593 505 2642 quasi
547 2592 749 2641 duplicata
789 2593 1012 2630 semivocali
1050 2594 1222 2642 priorem
1254 2594 1410 2643 longam
1443 2593 1582 2640 habet,
1615 2595 1694 2631 vid.

193 2660 348 2710 Proleg.
374 2674 412 2710 p.
443 2661 532 2697 198.
565 2659 625 2696 Fl.
654 2661 850 2698 inutiliter
878 2662 918 2698 tu
946 2661 1068 2698 addit.
1095 2682 1149 2686 —
1175 2663 1254 2699 283
1281 2675 1338 2711 sq.
1373 2658 1454 2701 Ubi
1477 2663 1578 2700 sunt
1608 2667 1693 2709 etc„

195 2729 240 2766 cf.
266 2728 372 2765 Men.
398 2729 495 2765 128:
526 2727 625 2773 ..Ubi
651 2733 741 2765 sunt
764 2733 959 2766 amatores
992 2728 1174 2766 mariti?“
1211 2729 1345 2766 Talem
1377 2734 1530 2767 noctem
1562 2733 1694 2768 veneri

193 2868 347 2901 noctem
384 2861 550 2911 scitam,
591 2865 614 2900 i.
648 2877 679 2901 6.
712 2864 874 2911 bonam,
917 2865 1160 2903 commodam
1206 2879 1290 2903 esse
1333 2867 1406 2911 ait,
1451 2868 1621 2902 maxime
1662 2866 1694 2902 si
