1926 3275
252 361 270 398 1
278 360 331 398 64
857 351 1137 394 Prolegomena.

249 485 390 522 structi
428 486 577 527 essent,
618 495 698 518 non
740 482 1113 517 commemoraretur
1150 478 1190 513 in
1220 476 1374 513 Poenuli
1412 476 1576 525 prologo
1609 475 1747 525 dissig-

248 558 368 590 nator
413 554 656 601 spectatores
701 561 849 585 sessum
894 547 1059 592 ducens,
1100 558 1179 581 non
1217 544 1521 594 Amphitruonis
1560 545 1747 594 prologus

250 621 532 669 conquisitores
570 617 655 653 fieri
698 617 886 654 voluisset
923 616 963 651 in
1002 613 1156 662 singula
1194 612 1382 650 subsellia
1419 612 1627 649 theatralis
1667 626 1748 649 am-

248 689 353 726 bitus
385 686 589 725 cohibendi
621 698 751 731 causa,
784 697 864 721 non
890 682 1096 730 Ergasilus
1127 682 1324 731 parasitus
1354 681 1514 718 ultimos
1544 681 1646 728 illos,
1679 681 1749 730 qui

248 756 411 793 sedendi
440 756 568 791 locum
599 767 677 790 non
710 752 876 789 assecuti
908 754 1034 797 erant,
1069 754 1138 787 aut
1167 753 1299 786 tacere
1331 753 1399 786 aut
1432 748 1541 785 abire
1571 749 1749 786 iussisset

250 822 379 874 (Ca-pt.
417 821 498 869 ll).

363 892 449 928 Non
488 891 679 927 orationis
718 892 874 925 tantum
907 887 1037 924 colore
1069 889 1138 922 aut
1167 899 1299 922 rerum
1336 884 1502 931 indicio,
1535 885 1603 922 sed
1635 885 1748 934 quasi

251 961 330 997 suis
376 960 450 1008 ipsi
495 958 625 995 verbis
673 957 740 994 alii
785 956 941 1006 prologi
986 968 1027 991 se
1080 968 1102 991 a
1146 954 1290 990 Plauto
1337 952 1620 990 abiudicandos
1666 967 1750 990 esse

248 1032 469 1065 testantur:
502 1026 747 1064 Asinariae
787 1025 873 1061 dico
911 1023 1140 1073 prologum,
1182 1023 1249 1071 qui
1284 1021 1543 1058 histrionibus
1582 1025 1622 1058 et
1660 1034 1749 1058 con-

249 1095 482 1132 ductoribus
519 1095 620 1130 bene
659 1096 863 1141 precatur,
903 1095 1030 1141 poetae
1069 1091 1169 1127 nihil
1211 1093 1344 1140 optat,
1386 1090 1533 1139 quippe
1573 1090 1640 1138 qui
1671 1090 1750 1126 iam

250 1168 429 1200 mortuus
461 1166 572 1208 esset,
605 1161 1028 1206 Menaechmorum,
1057 1160 1125 1207 qui
1149 1159 1253 1195 inter
1276 1158 1383 1204 alias,
1410 1157 1551 1206 quibus
1577 1158 1747 1204 excellit,

249 1233 420 1281 ineptias
436 1245 471 1268 v.
493 1232 513 1267 3
538 1227 768 1279 „Adporto“
796 1229 928 1277 inquit
957 1227 1093 1274 „uobis
1109 1226 1295 1263 Plautum
1313 1226 1460 1273 lingua,
1485 1239 1565 1263 non
1589 1223 1748 1272 manu“,

250 1299 501 1344 Pseudoli,
536 1299 644 1334 cuius
683 1298 810 1334 exitus
848 1296 953 1333 solus
992 1298 1119 1332 extat:
1158 1295 1366 1342 „Plautina
1395 1294 1515 1343 longa
1543 1293 1678 1330 fabula
1708 1294 1750 1330 in

251 1381 402 1404 scenam
434 1364 583 1404 venit“.

366 1434 478 1481 Quod
508 1435 540 1471 si
569 1434 744 1482 integros
775 1433 963 1482 prologos
1001 1431 1219 1480 posteriore
1256 1434 1437 1480 tempore
1469 1430 1516 1467 ab
1548 1429 1750 1467 histrioni-

251 1503 323 1540 bus
363 1502 517 1539 additos
557 1514 638 1538 esse
677 1504 850 1548 constat,
891 1500 978 1549 quis
1017 1501 1205 1546 miretur,
1246 1500 1278 1535 si
1309 1499 1431 1535 etiam
1462 1511 1545 1545 eos,
1579 1511 1676 1546 quos
1706 1511 1749 1534 re

251 1584 344 1607 vera
387 1570 550 1607 Plautus
596 1570 833 1618 reliquerat,
889 1569 1008 1605 iidem
1052 1568 1265 1604 histriones
1308 1567 1422 1604 novis
1467 1566 1750 1603 additamentis

251 1636 608 1688 interpolaverint‘?
656 1637 789 1686 qualia
833 1638 872 1673 in
910 1637 1161 1682 Mercatoris,
1208 1636 1249 1672 in
1287 1635 1535 1681 Truculenti,
1582 1635 1624 1670 in
1662 1634 1749 1670 Tri-

254 1708 400 1743 nummi
431 1706 607 1755 prologis
637 1718 761 1755 prope
791 1705 999 1742 manifesto
1031 1703 1326 1755 deprehendere
1355 1703 1459 1740 licet.

978 1960 1033 2011 V.

835 2074 901 2121 De
940 2073 1181 2122 actibus.

370 2249 539 2286 Scenicae
578 2248 831 2297 antiquorum
869 2247 1010 2284 sabulae
1046 2247 1112 2283 vix
1142 2258 1330 2294 umquam
1362 2244 1445 2281 sine
1476 2244 1627 2281 musica
1656 2246 1752 2280 actae

257 2321 361 2364 sunt,
395 2318 463 2354 scd
495 2317 591 2353 alias
623 2317 700 2353 alia
730 2315 938 2352 modorum
970 2318 1010 2351 et
1041 2317 1178 2351 cantus
1209 2314 1311 2351 ratio
1352 2313 1441 2349 fuit.
1502 2310 1602 2348 Nam
1634 2324 1754 2360 quum

258 2385 306 2422 ab
351 2386 633 2434 antiquissimis
678 2383 923 2433 temporibus
969 2382 1106 2419 chori
1151 2383 1191 2418 iu
1233 2381 1399 2418 deorum
1437 2380 1628 2417 honorem
1666 2392 1753 2415 cum

257 2441 467 2490 saltatione
498 2455 740 2498 cantassent,
773 2454 915 2501 postea
943 2451 1091 2487 factum
1123 2454 1200 2496 est,
1232 2453 1277 2486 ut
1305 2451 1410 2486 inter
1440 2448 1551 2485 chori
1582 2447 1755 2484 carmina

257 2521 438 2570 prodiret
467 2521 609 2557 histrio
641 2519 811 2556 fabulam
843 2532 972 2568 agens,
1001 2519 1224 2567 sensimque
1249 2521 1363 2554 aucto
1391 2520 1567 2553 actorum
1589 2527 1752 2552 numero

258 2589 315 2625 ita
353 2589 475 2625 crevit
512 2587 704 2636 tragoedia
736 2590 774 2623 et
806 2586 1010 2632 comoedia,
1043 2590 1087 2623 ut
1116 2599 1193 2622 non
1225 2589 1378 2623 actores
1407 2583 1617 2621 intervalla
1647 2582 1754 2618 chori

259 2656 328 2692 sed
360 2655 498 2692 chorus
539 2658 695 2691 actuum
733 2654 944 2691 intervalla
984 2654 1177 2704 expleret,
1219 2657 1258 2690 et
1296 2653 1363 2702 qui
1403 2652 1450 2689 ab
1482 2652 1595 2687 initio
1626 2650 1755 2687 omnia

259 2723 548 2772 occupavisset,
595 2723 722 2758 minor
767 2721 909 2758 fabulae
954 2735 1046 2771 pars
1091 2720 1214 2758 fieret.
1275 2720 1336 2758 Ab
1373 2719 1577 2768 Euripidis
1623 2720 1754 2755 autem

260 2794 299 2827 et
328 2790 544 2839 Agathonis
583 2793 761 2838 tempore
800 2789 998 2825 interdum
1039 2789 1145 2825 chori
1185 2789 1358 2825 carmina
1395 2790 1477 2824 tam
1507 2786 1596 2823 laxo
1635 2789 1753 2834 atque

260 2857 357 2894 adeo
396 2858 503 2894 nullo
544 2857 698 2893 vinculo
739 2870 823 2892 cuni
863 2859 1095 2905 argumento
1135 2856 1277 2893 fabulae
1309 2856 1517 2892 coniuncta
1548 2856 1676 2899 erant,
1709 2855 1754 2889 ut

260 2938 308 2961 ne
338 2938 431 2974 pars
463 2924 621 2973 quidem
652 2924 794 2960 fabulae
825 2923 1066 2970 viderentur,
1091 2923 1159 2960 sod
1181 2923 1495 2960 additamentum
1525 2923 1591 2959 vix
1622 2933 1753 2958 neces-
