1926 3275
737 314 1021 360 prolegomena.
1550 320 1632 362 205

125 444 370 483 emendando
401 443 564 482 recedit.
611 443 913 495 Amphitruonis
946 445 1126 495 exempla
1154 444 1238 483 haec
1269 449 1373 493 sunt,
1404 446 1455 484 38
1484 450 1524 484 et
1551 448 1632 486 726

129 511 270 561 „huc“,
305 513 383 550 353
421 509 577 560 „hinc“,
612 513 692 550 910
729 510 899 559 „hunc“.

247 575 301 619 Gt
327 580 506 630 neglecta
535 581 734 630 positione
764 581 965 618 invenitur
994 580 1035 617 in
1065 581 1230 620 senecta
1260 594 1298 619 v.
1323 582 1515 621 senectus
1546 582 1634 622 Cas.

125 650 221 686 220.
266 648 385 685 Most.
420 649 515 686 212.
562 647 684 686 Stich.
720 649 814 686 568.
865 648 954 686 Ter.
986 648 1145 687 Phorm.
1178 649 1274 687 434.
1308 669 1359 675 —
1397 649 1629 697 „Profecto“

122 715 210 754 Mil.
245 717 338 754 186.
373 717 467 753 292.
509 716 616 754 Poen.
649 717 751 763 910,
784 729 940 767 semper
969 717 1011 754 in
1041 717 1241 768 principio
1281 717 1473 757 trochaici
1503 723 1634 770 septe-

123 785 238 822 narii.
304 782 529 832 „actutum“
564 783 704 822 Bacch.
742 785 862 822 1195.

237 852 381 890 Mediae
424 863 452 902 9
495 852 579 889 haec
625 852 806 901 exempla
850 856 960 890 sunt:
1013 851 1317 903 „neglegentes“
1359 854 1504 892 Pseud.
1540 855 1633 893 148.

129 918 426 971 „ignorabitur“
461 920 568 958 Men.
602 921 696 967 458,
729 933 778 957 ne
808 920 850 957 in
880 921 1039 958 incertis
1070 934 1282 959 moremur.

238 988 335 1027 Cum
366 988 518 1026 dentali
547 988 684 1025 littera
717 988 734 1026 t
760 988 963 1036 iungenda
996 992 1056 1026 est,
1079 989 1272 1027 mollioris
1296 991 1634 1040 pronuntiationis

121 1056 259 1094 littera
290 1054 329 1095 d.
382 1056 494 1094 Hanc
525 1055 685 1107 quidem
716 1060 872 1094 constat
902 1058 944 1094 in
975 1058 1084 1094 exitu
1115 1057 1400 1096 vocabulorum
1431 1059 1634 1097 interdum

122 1128 205 1162 tam
235 1125 378 1162 exilem
410 1138 551 1163 sonum
581 1124 778 1171 habuisse,
811 1128 856 1161 ut
885 1137 1050 1174 prorsus
1083 1125 1331 1164 abiiceretur.
1378 1127 1547 1165 Factum
1575 1131 1635 1165 est

122 1191 198 1230 hoo
227 1192 269 1229 in
300 1192 504 1240 ablativis,
545 1193 654 1230 cuius
694 1206 807 1230 casus
847 1193 1052 1242 antiquam
1090 1197 1226 1231 notam
1257 1191 1286 1232 d
1315 1198 1471 1233 constat
1499 1196 1632 1243 fuisse,

124 1264 164 1297 et
200 1263 354 1298 restant
390 1261 511 1298 etiam
548 1275 652 1299 nunc
691 1261 800 1311 apud
838 1260 1025 1299 Plautum
1065 1262 1237 1310 vestigia
1274 1263 1316 1300 in
1353 1263 1489 1301 formis
1527 1261 1634 1312 med,

125 1325 213 1376 ted,
245 1325 332 1367 sed.
394 1328 647 1380 Scripserunt
686 1328 735 1367 de
773 1329 845 1367 hac
883 1342 926 1366 re
964 1329 1091 1367 multa
1127 1330 1266 1378 multi3
1306 1332 1518 1369 novissime
1548 1332 1634 1370 Rit-

123 1397 292 1435 schelius
331 1397 374 1434 in
411 1397 536 1435 Novis
574 1397 824 1445 excursibus,
868 1398 936 1447 qui
973 1397 1046 1435 hac
1083 1397 1221 1436 littera
1260 1399 1400 1437 addita
1439 1414 1573 1438 omnes
1613 1414 1636 1438 a

122 1465 263 1503 Plauto
287 1465 420 1503 hiatus
443 1479 649 1503 removere
680 1465 827 1503 studet.
865 1465 1093 1503 Abiiciebat
1123 1466 1219 1504 item
1249 1467 1427 1516 vulgaris
1457 1482 1635 1519 pronun-

122 1532 250 1570 tiandi
289 1534 464 1583 ignavia,
513 1547 634 1584 quum
672 1530 755 1572 Ῐιαιι
799 1547 875 1584 pro
914 1530 1029 1572 haud
1073 1533 1233 1572 diceret.
1293 1536 1413 1585 Apud
1450 1536 1636 1574 Plautum

123 1605 257 1639 autem
286 1601 465 1638 videmus
503 1615 621 1639 voces
652 1602 694 1639 in
727 1602 744 1640 t
773 1605 960 1639 exeuntes
1002 1605 1093 1640 ante
1123 1603 1317 1641 vocabula
1348 1617 1370 1640 a
1401 1605 1636 1642 consonanti

122 1669 355 1720 incipientia
406 1669 618 1719 positionis
670 1669 750 1719 legi
802 1683 883 1707 non
934 1671 1126 1720 paruisse.
1206 1670 1402 1722 Exempla
1452 1672 1634 1723 praebent

125 1737 166 1775 et
195 1738 441 1785 coniunctio,
473 1737 618 1788 Amph.
656 1738 777 1775 1144.
809 1737 930 1775 Most.
965 1738 1059 1775 602.
1091 1738 1197 1775 Men.
1232 1740 1311 1777 988
1345 1740 1416 1787 aL,
1453 1754 1485 1778 v.
1518 1741 1632 1778 Mull.

122 1819 162 1855 p.
199 1806 278 1843 308
311 1818 398 1855 sqq.
453 1805 550 1843 Inde
582 1806 700 1843 etiam
732 1803 813 1844 etsi
842 1805 934 1843 Aul.
968 1806 1063 1844 413.
1095 1806 1203 1844 Pers.
1239 1809 1334 1846 271.
1367 1808 1456 1846 Ter.
1489 1808 1632 1846 Heaut.

126 1874 229 1922 624,
272 1876 313 1911 et
353 1871 519 1912 tametsi
549 1873 662 1924 Capt.
698 1874 792 1912 319.
838 1873 925 1911 Mil.
960 1874 1055 1911 744.
1101 1874 1190 1912 Ter.
1223 1874 1324 1913 Eun.
1359 1877 1453 1914 316.
1494 1897 1552 1902 —
1588 1877 1638 1915 ut

123 1941 233 1978 Asin.
268 1942 347 1979 713
388 1941 438 1979 al.
476 1955 513 1979 v.
552 1942 667 1979 Mull.
706 1956 746 1992 p.
781 1942 875 1979 374.
938 1939 994 1980 acl
1029 1942 1173 1992 Amph.
1210 1944 1316 1981 1014
1359 1944 1408 1982 al.
1450 1957 1487 1982 v.
1518 1944 1633 1982 Miill.

122 2023 163 2059 p.
198 2010 293 2047 283.
340 2009 385 2048 αὑ
413 2008 526 2060 Capt.
560 2011 654 2048 231.
687 2010 794 2047 Pers.
832 2011 924 2047 171.
959 2010 1053 2047 844.
1086 2010 1174 2048 Ter.
1199 2011 1274 2049 Ad.
1305 2013 1399 2049 688.
1448 2010 1494 2050 id
1521 2013 1632 2050 Asin.

127 2078 220 2115 510.
254 2076 366 2115 Curc.
394 2079 472 2115 529
506 2078 553 2115 al.
585 2092 621 2116 v.
653 2078 766 2116 Mun.
793 2092 833 2128 p.
861 2079 955 2115 327.
1002 2075 1117 2127 apud
1145 2079 1235 2117 Aul.
1265 2081 1330 2117 83.
1365 2081 1459 2118 734.
1492 2081 1631 2118 Bacch.

126 2145 220 2183 270.
260 2144 377 2195 Epid.
413 2146 476 2183 54.
517 2146 625 2183 Poen.
663 2147 782 2183 1250.
825 2145 946 2183 Stich.
983 2147 1076 2183 536.
1137 2146 1238 2184 Nam
1268 2148 1428 2185 minime
1459 2149 1633 2199 proban-

125 2212 237 2260 dum,
280 2212 388 2263 quod
419 2212 651 2263 Spengelius
693 2214 838 2263 aliique
876 2227 949 2264 per
995 2227 1197 2264 syncopen
1243 2209 1335 2265 ap'd
1379 2217 1633 2266 pronuntiari

123 2294 240 2332 posse
270 2285 475 2332 putarunt,
508 2295 588 2318 non
618 2283 742 2330 magis
775 2295 892 2331 quam
923 2283 964 2318 in
996 2282 1122 2330 caput
1150 2282 1261 2320 Curc.
1297 2284 1390 2322 360.
1425 2284 1508 2322 Cas.
1537 2286 1632 2324 217.

123 2349 245 2387 Merc.
283 2350 360 2386 152
394 2362 563 2399 syncope
595 2349 753 2387 admitti
783 2353 916 2399 potest
955 2354 1023 2386 aut
1061 2350 1102 2386 in
1140 2350 1351 2388 verborum
1391 2353 1513 2389 tertia
1542 2366 1632 2402 per-

125 2431 234 2455 sona.
295 2416 421 2454 Huius
454 2417 510 2453 rei
540 2417 665 2454 multa
696 2417 874 2467 exempla
914 2420 1156 2467 suppetunt,
1195 2418 1385 2467 pleraque
1424 2419 1464 2456 in
1504 2420 1632 2469 primo

125 2485 271 2523 senarii
316 2484 417 2535 pede
458 2489 495 2521 et
536 2484 711 2523 iambicae
751 2486 903 2532 formae,
950 2499 1022 2522 nec
1060 2490 1193 2522 tamen
1234 2487 1384 2533 omnia,
1427 2487 1474 2524 cf.
1518 2485 1636 2526 (ledit

123 2553 243 2591 Most.
278 2554 371 2591 633.
403 2552 506 2590 Rud.
543 2554 662 2590 1171.
695 2553 802 2590 Trin.
838 2554 931 2591 902.
978 2550 1059 2590 erit
1088 2553 1232 2590 Pseud.
1269 2555 1360 2591 153.
1394 2555 1502 2592 Pers.
1537 2557 1631 2595 263.

124 2620 213 2658 Ter.
245 2621 321 2658 Ad.
358 2622 450 2658 180.
513 2622 602 2658 erat
631 2621 740 2658 Trin.
784 2621 876 2658 503.
938 2617 1050 2658 lubet
1086 2621 1226 2658 Bacch.
1269 2623 1363 2659 979.
1410 2623 1530 2660 Most.
1566 2625 1630 2662 19.

126 2685 240 2726 dccet
262 2688 402 2726 Bacch.
430 2689 523 2726 637.
557 2689 665 2726 Pers.
693 2689 786 2726 214.
834 2688 964 2726 Etiam
993 2687 1146 2735 „ualet“
1175 2688 1292 2739 Epid.
1314 2691 1378 2727 21.
1425 2689 1626 2738 „uenerit“

124 2756 231 2793 Poen.
265 2757 358 2794 734.
409 2755 580 2803 ,,θ3ῑιῑ·ἰί;“
618 2756 705 2794 Cas.
740 2758 834 2794 743.
984 2807 988 2810 θ

239 2824 335 2861 Inde
377 2825 593 2874 corripitur
624 2825 741 2861 etiam
772 2826 886 2875 prior
917 2825 1070 2875 syllaba
1100 2826 1207 2863 vocis
1239 2839 1275 2875 q.
1310 2840 1341 2863 e.
1375 2827 1517 2875 atque,
1552 2827 1629 2864 vid.

125 2891 267 2942 Amph.
303 2894 398 2930 230.
444 2892 533 2929 Aul.
568 2893 661 2930 267.
697 2895 790 2930 775.
838 2893 950 2943 Capt.
986 2894 1079 2931 651.
1126 2894 1212 2932 Cas.
1247 2896 1340 2932 209.
1389 2894 1500 2932 Cure.
1539 2895 1629 2931 146.
