1926 3275
168 361 195 403 Ι,
210 363 242 404 3,
257 361 393 401 50—IL
413 364 441 403 1,
458 363 498 395 12
801 362 1034 406 Amphitruo.
1621 370 1671 408 33

167 488 308 541 Atque
341 492 518 542 quanto,
548 503 645 539 nom
678 487 800 530 fuisti
829 489 1000 543 longior
1030 489 1113 531 hac
1145 505 1368 544 proxuma,

167 560 305 602 Tanto
337 561 514 602 breuior
546 560 638 602 dies
669 566 717 602 ut
747 561 825 602 fiat
854 560 1023 612 faciam,
1056 566 1104 602 ut
1135 576 1271 615 aeque
1304 563 1450 617 dispar
1482 569 1525 605 et
1608 571 1674 604 545

169 633 269 674 Dies
302 648 324 674 e
355 637 483 674 nocte
515 633 707 675 accedat.
756 634 832 675 Ibo
865 639 908 675 et
938 634 1203 676 Mercurium
1234 636 1485 688 subsequar.

629 891 979 936 AMPHITRUO.
1041 893 1212 936 SOSIA.

758 995 1075 1049 Amphitruo

168 1069 258 1120 Age
290 1068 303 1108 i
334 1071 382 1108 tu
413 1067 662 1109 secundum.

845 1140 997 1182 Sosia

711 1212 891 1266 Sequor,
925 1213 1166 1265 subsequor
1197 1218 1252 1253 te.

767 1285 1081 1338 Amphitruo

172 1356 547 1398 Scelestissumum
577 1361 621 1398 te
653 1357 854 1398 arbitror.

847 1429 999 1470 Sosia

883 1500 994 1542 Nam
1026 1500 1338 1555 quamobrem?

767 1572 1080 1626 Amphitruo

172 1644 282 1694 Quia
312 1644 368 1695 id,
402 1644 517 1697 quod
547 1659 687 1698 neque
720 1649 786 1685 est
817 1659 956 1698 neque
987 1644 1069 1685 fuit
1100 1658 1240 1697 neque
1273 1645 1520 1696 futurumst,

171 1716 278 1757 Mihi
308 1716 549 1769 praedicas.

848 1788 1001 1830 Sosia

587 1859 763 1911 Eccere,
794 1861 879 1901 iam
910 1861 1066 1901 tuatim
1608 1860 1675 1892 550

173 1931 297 1972 Facis
331 1935 384 1983 tu,
416 1936 464 1972 ut
495 1932 580 1973 tuis
612 1932 733 1973 nulla
764 1931 879 1985 apud
910 1936 952 1972 te
984 1932 1090 1973 fides
1126 1933 1192 1972 sit.

768 2003 1082 2057 Amphitruo

173 2074 286 2124 Quid
317 2075 411 2115 est?
444 2074 536 2125 Quo
569 2075 726 2117 modo?
759 2075 850 2116 Iam
882 2075 1055 2128 quidem
1088 2075 1232 2117 hercle
1265 2089 1343 2127 ego
1376 2075 1455 2116 tibi
1488 2075 1615 2115 istam

173 2146 423 2197 Scelestam,
457 2146 610 2197 scelus,
643 2147 836 2198 linguam
868 2147 1102 2188 abscidam.

849 2218 1002 2260 Sosia

1140 2289 1255 2331 Tuus
1287 2304 1400 2341 sum3

170 2360 355 2402 Proinde
386 2366 435 2402 ut
466 2362 784 2403 commodumst
816 2366 858 2403 et
887 2361 1022 2411 lubet,
1054 2361 1239 2414 quicque
1271 2360 1418 2402 facias.

171 2432 333 2474 Tamen
366 2434 468 2486 quin
501 2434 655 2488 loquar
685 2433 804 2484 haec,
836 2434 898 2475 uti
929 2432 1047 2474 facta
1079 2438 1180 2473 sunt
1211 2432 1293 2480 hic,
1607 2432 1673 2464 555

171 2504 414 2558 Numquam
446 2505 534 2547 ullo
567 2505 694 2547 modo
727 2520 794 2547 me
826 2509 951 2559 potes
984 2505 1217 2545 deterrere.

767 2576 1081 2631 Amphitruo

171 2646 511 2700 scelestissume,
544 2648 676 2689 audes
708 2648 815 2689 mihi
847 2648 1102 2702 praedicare
1134 2646 1190 2698 id,

171 2718 298 2772 Domi
329 2723 372 2760 te
404 2734 496 2761 esse
530 2733 656 2772 nunc,
690 2721 763 2773 qui
794 2720 863 2761 hic
894 2720 1028 2761 ades?

263 2889 328 2921 545
354 2888 517 2932 disparet
578 2889 643 2922 546
669 2888 718 2922 Et
744 2889 820 2922 dies
881 2890 948 2922 550
972 2888 1068 2922 Eoo(-
1094 2888 1142 2921 rei
1169 2899 1225 2921 am
1247 2890 1409 2920 mantem
1473 2887 1532 2919 5:31
1566 2885 1670 2918 Fau-is

171 2948 213 2978 ut
283 2945 329 2978 sit
354 2944 445 2979 fides
516 2946 582 2979 554
606 2946 843 2980 commodum
869 2946 938 2979 siet
1009 2947 1074 2978 556
1100 2948 1224 2988 potest

1375 3012 1395 3044 3
