1926 3275
812 303 854 337 v.
884 305 1071 338 197—226.
1613 310 1696 349 257

189 435 284 472 208.
317 433 463 471 Versus
511 446 532 470 a
579 432 732 470 duobus
785 433 952 482 dactylis
998 434 1151 483 incipit.
1227 433 1321 471 Post
1369 431 1536 482 Ordine,
1584 435 1697 473 finita

185 502 320 552 priore
350 505 466 552 parte
496 502 734 547 tetrametri,
767 500 910 548 hiatus,
945 502 991 538 cf.
1029 502 1106 539 196
1135 505 1175 538 et
1201 503 1292 539 192.
1319 522 1374 527 —
1398 504 1492 541 209.
1524 514 1695 553 mayna-

185 567 295 607 ‘m'mi
324 567 424 617 uiri,
456 569 648 606 Teleboae.
667 589 723 593 —
748 570 842 606 210.
877 565 1064 618 Superbe
1095 569 1180 607 cod.
1211 569 1255 616 B,
1288 574 1416 617 recte3
1451 572 1572 608 ceteri
1608 585 1694 618 „su-

185 636 340 688 perbi“.
402 637 529 675 Nimis
565 637 754 686 superbe,
793 638 818 673 i.
852 651 883 674 e.
917 638 1037 674 nimia
1074 637 1260 688 superbia
1297 638 1443 686 inflati,
1483 637 1693 689 ferociter,

186 706 212 743 i.
239 719 270 743 e.
303 706 504 743 ferocibus
535 705 678 752 verbis,
711 704 964 754 respondent.
990 726 1047 730 —
1079 706 1173 743 212.
1206 703 1297 744 suis
1330 704 1379 744 de
1409 720 1546 744 versus
1579 721 1696 746 causa

184 774 425 824 transposui.
473 773 705 822 Superiores
736 772 829 810 inde
857 787 879 810 a
904 773 1070 822 Pylade:
1108 773 1179 820 „de
1210 773 1356 811 finibus
1387 773 1508 812 suis“.
1540 796 1597 801 —-
1629 774 1694 815 de-

187 839 355 880 duceret
384 854 456 878 em.
484 840 615 878 Gertz.
645 861 701 866 —
733 842 826 878 213.
862 838 1026 888 ccc-Siris,
1058 842 1084 878 i.
1112 855 1143 878 e.
1179 855 1226 878 ex
1258 843 1410 880 castris.
1457 843 1692 893 Praepositio

184 921 207 949 e
244 910 286 947 in
325 908 589 946 deterioribus
631 908 743 946 codd.
786 909 964 955 additur,
1012 909 1123 946 abest
1164 923 1186 946 a
1224 910 1255 947 Β
1294 914 1333 947 et
1373 911 1509 948 abesse
1547 916 1692 962 potest,

184 978 264 1015 vid.
297 977 382 1014 Mil.
417 977 518 1013 459:
572 976 776 1023 „manibus
818 978 983 1014 amisisti
1014 976 1229 1026 praedam“.
1294 979 1393 1016 691:
1442 993 1526 1025 „me
1557 993 1692 1017 somno

183 1043 389 1083 suscitet“.
451 1044 558 1081 Trin.
593 1045 693 1081 265:
742 1045 877 1094 „peius
916 1046 1041 1095 perit,
1085 1058 1201 1094 quam
1240 1047 1272 1082 si
1314 1059 1407 1083 saxo
1448 1046 1604 1085 saliat“.
1635 1069 1694 1074 -—

186 1115 279 1151 214.
315 1113 457 1151 contra
487 1112 525 1149 h.
558 1113 583 1149 l.
617 1112 797 1149 ultimam
828 1113 986 1161 longam
1024 1113 1161 1160 habet,
1202 1118 1248 1150 ut
1287 1114 1392 1164 apud
1430 1116 1691 1163 posteriores,

185 1181 292 1232 apud
322 1180 506 1218 Plautum
543 1181 778 1230 plerumque
813 1181 932 1218 breve
964 1184 1023 1218 est
1055 1192 1097 1228 α;
1129 1181 1220 1218 hinc
1251 1181 1440 1229 efficitur,
1473 1186 1518 1220 ut
1548 1197 1692 1233 anceps

182 1250 318 1296 fuerit,
349 1262 430 1287 non
460 1252 505 1285 ut
536 1248 574 1285 h.
600 1249 625 1285 1.
654 1245 693 1285 T
691 1244 839 1286 eleboce
871 1249 1016 1288 contra
1047 1249 1296 1287 scribendum
1329 1251 1398 1297 sit,
1432 1251 1537 1300 quod
1566 1253 1693 1289 voluit

182 1317 326 1367 Bergk,
357 1317 545 1364 Beitrage
576 1330 614 1367 p.
650 1318 715 1354 83.
747 1336 804 1341 ——
836 1318 930 1354 215.
964 1315 1145 1355 educunt
1174 1318 1268 1354 olim
1300 1318 1561 1356 emendatum.

300 1385 536 1422 216—242.
578 1383 725 1421 Cretici
765 1386 989 1422 tetrametri
1031 1386 1237 1423 acatalecti
1282 1399 1367 1423 cum
1414 1387 1587 1424 clausula
1626 1401 1691 1425 ex-

181 1458 308 1490 tremo
340 1452 488 1490 addita.
535 1452 670 1489 Proelii
702 1453 881 1490 narratio
909 1454 1113 1501 graviores
1137 1467 1322 1491 numeros
1348 1455 1503 1504 exigere
1526 1455 1690 1493 videba-

180 1525 260 1558 tur.
296 1541 345 1545 —
380 1518 591 1567 exz'l‘ztvnst,
623 1520 815 1557 molossus
846 1533 920 1569 pro
953 1522 1111 1558 cretico.
1161 1522 1259 1559 Item
1292 1523 1330 1559 in
1362 1523 1543 1572 proximo
1575 1537 1691 1561 versu

182 1584 440 1638 Dispertiti,
480 1589 521 1625 in
562 1589 641 1625 218
674 1584 767 1626 NOS
799 1589 977 1627 nostras.
1009 1609 1067 1614 —
1098 1590 1192 1626 218.
1227 1589 1319 1635 Quae
1358 1590 1465 1627 ultra
1504 1594 1689 1628 tetrame-

183 1660 291 1693 trum
320 1657 362 1693 in
394 1655 508 1693 codd.
542 1655 762 1702 adduntur,
805 1652 988 1706 leye'ones
1018 1655 1136 1704 item,
1180 1658 1277 1694 mihi
1316 1659 1453 1707 spuria
1490 1658 1688 1706 videntur,

183 1738 255 1761 nec
286 1725 389 1761 enim
415 1723 568 1770 dubito,
596 1725 692 1773 quin
723 1724 773 1761 ad
803 1724 971 1762 ozostras
995 1738 1041 1762 ex
1064 1726 1246 1775 proximo
1270 1738 1387 1762 versu
1412 1726 1539 1762 audiri
1562 1728 1689 1776 possit

183 1789 380 1842 leyc'ones.
429 1791 491 1829 Sic
523 1792 640 1828 etiam
665 1791 804 1828 Bacch.
832 1793 933 1829 434:
973 1792 1096 1839 „Nam
1129 1793 1223 1830 olim
1254 1793 1393 1843 populi
1424 1794 1534 1843 prius
1564 1794 1688 1832 hono-

182 1874 266 1897 rem
305 1859 488 1909 capiebat
525 1858 736 1908 suffragio“
780 1860 999 1897 subiectum
1043 1858 1187 1909 „puer“
1227 1862 1267 1897 in
1298 1874 1413 1898 versu
1445 1862 1547 1908 437,
1580 1862 1686 1899 Men.

186 1929 284 1965 564:
324 1926 388 1975 „Si
418 1931 477 1964 est
507 1941 661 1978 pauper
693 1931 809 1977 atque
840 1928 947 1965 haud
977 1927 1127 1965 malus“
1173 1929 1391 1965 subiectum
1438 1928 1604 1975 „cliens“
1648 1931 1688 1967 in

182 1997 364 2046 proximo
395 2009 512 2033 versu
543 1996 717 2045 ponitur.
766 1995 948 2046 Spengel,
980 1996 1144 2033 Plautus
1174 2010 1212 2046 p.
1243 1997 1332 2042 151,
1367 2000 1405 2033 et
1430 1996 1686 2044 Studcmund,

182 2063 330 2102 Cantic.
364 2077 402 2113 p.
438 2064 510 2110 21,
552 2063 735 2100 clausulae
777 2065 935 2100 nomine
975 2064 1056 2101 haec
1095 2064 1216 2101 verba
1255 2064 1491 2111 defendunt,
1532 2079 1609 2114 qua
1646 2067 1686 2103 in

182 2132 312 2169 media
350 2132 529 2168 oratione
570 2144 701 2168 carere
739 2132 944 2168 malumus.
984 2152 1040 2156 ——
1081 2133 1174 2169 220.
1208 2131 1376 2180 utrique
1415 2130 1687 2182 imperatores

180 2212 254 2249 pro
291 2203 479 2249 „uterque
510 2197 750 2248 imperator“
785 2213 858 2250 per
889 2214 929 2237 se
962 2200 1158 2237 offendere
1183 2213 1261 2237 non
1286 2200 1414 2247 debet,
1447 2201 1524 2237 vid.
1551 2201 1683 2239 Madv.

181 2266 249 2304 Gr.
268 2267 358 2304 Lat.
378 2268 458 2304 495
491 2271 573 2304 not.
601 2269 637 2304 2.
685 2267 832 2304 Terent
854 2268 978 2304 Andr.
1003 2269 1104 2305 287:
1142 2264 1358 2317 „utraeque
1390 2267 1493 2305 res“.
1541 2269 1682 2307 Heaut.

182 2335 282 2372 394:
322 2335 505 2384 „utrique
544 2334 592 2371 ab
631 2334 848 2384 ut1·isquc“.
911 2335 988 2373 Sed
1028 2336 1120 2385 quia
1160 2336 1385 2372 tetrametri
1431 2336 1559 2373 forma
1604 2351 1684 2375 non

180 2406 372 2449 servatur,
390 2402 505 2440 Both.
533 2404 733 2452 ceterique
765 2403 862 2440 illud
887 2403 1193 2440 substituerunt.
1242 2403 1281 2440 Si
1314 2403 1409 2452 quid
1439 2404 1682 2451 mutandum,

180 2470 393 2507 malebam:
446 2471 509 2516 „in
548 2470 719 2506 medium
760 2469 893 2507 eunt“.
926 2491 982 2495 -—
1022 2472 1115 2508 223.
1150 2468 1365 2517 (lederent,
1408 2471 1683 2521 imperfectum

181 2538 421 2575 coniunctivi
461 2542 552 2587 post
589 2551 761 2588 praesens
800 2537 1049 2584 historicum,
1092 2538 1139 2575 cf.
1173 2552 1207 2575 v.
1243 2539 1322 2575 237
1368 2537 1594 2584 „steterat“.
1628 2559 1683 2564 —

181 2606 275 2642 224.
309 2602 517 2654 utrimque
549 2606 703 2643 ccmmzt
733 2605 888 2653 contra,
923 2606 977 2642 sic
1009 2605 1135 2653 codd„
1169 2606 1303 2655 ἄμετρα
1333 2619 1508 2656 prorsus.
1564 2607 1680 2644 Both.

180 2672 327 2722 aliique
365 2677 652 2723 transponunt:
706 2677 868 2720 „contra
906 2672 1090 2720 canunt“‚
1131 2673 1198 2710 scd
1236 2677 1361 2711 restat
1398 2675 1604 2724 scrupulus
1644 2675 1683 2711 in

184 2738 446 2790 „utrimque“.
508 2740 677 2777 Felicius
708 2740 860 2789 Bergk,
894 2741 1075 2791 Beitriige
1104 2754 1143 2790 p.
1179 2743 1249 2779 83:
1297 2745 1458 2788 „contra
1495 2743 1682 2792 utrinque

179 2806 412 2845 occanunt“.
445 2827 501 2832 -
533 2808 626 2844 225.
668 2804 890 2856 Consonat,
922 2810 947 2845 i.
974 2823 1006 2846 e.
1039 2812 1219 2856 resonat,
1252 2809 1298 2846 cf.
1320 2809 1435 2859 Verg.
1462 2809 1553 2846 AEn.
1577 2810 1679 2856 VIII,

181 2875 281 2912 305:
333 2874 557 2922 „Consonat
597 2888 709 2912 omne
751 2889 885 2914 nemus
923 2875 1135 2927 strepitu“.
1174 2897 1228 2901 -—
1268 2878 1361 2913 226.
1395 2877 1566 2925 uterquc
1605 2890 1678 2913 cm.

1367 2952 1408 2984 17
