1926 3275
711 327 990 373 Prolegomena.
1523 331 1541 368 1
1550 330 1601 369 75

99 472 284 509 mumque
317 471 453 496 sonum
487 458 621 508 digitis
654 458 840 496 callemus
872 462 911 495 et
940 455 1076 494 aure“.
1139 455 1274 494 Cicero
1307 459 1439 493 autem
1472 453 1600 503 (Orat.

103 530 167 575 55,
198 526 293 575 183)
327 528 563 565 comicorum
595 528 770 564 senarios
800 530 966 576 propter
996 523 1295 562 similitudinem
1325 525 1517 561 sermonis
1549 525 1603 561 sic

100 609 203 646 saepe
235 596 408 634 abiectos
443 609 526 633 esse
559 596 671 643 dicit,
705 600 750 633 ut
780 609 860 633 non
898 607 1112 643 numquam
1148 594 1216 630 vix
1253 593 1294 629 in
1330 593 1380 629 iis
1417 605 1604 629 numerus

101 653 147 702 et'
168 678 306 702 versus
336 665 510 713 intelligi
540 665 679 713 possit.
726 664 863 713 Neque
895 664 1147 712 antiquorum
1179 662 1387 710 quisquam
1417 661 1491 698 hoc
1523 674 1603 698 non

99 733 280 780 videbat,
321 733 389 770 sed
428 734 698 783 posteriorum
730 732 1079 780 grammaticorum
1110 731 1260 779 partim
1290 729 1402 766 nimii
1434 729 1603 778 antiqui-

99 803 194 840 tatis
242 801 501 839 admiratores
548 801 764 838 censebant
811 814 877 837 eos
915 803 1042 836 metra
1080 812 1158 835 non
1196 798 1370 845 inscitia,
1410 797 1480 835 sed
1519 800 1603 834 arte

99 872 274 917 vitiasse,
298 874 344 907 ut
367 871 423 907 ait
439 869 699 906 Terentianus
715 868 879 905 Maurus
902 881 938 905 v.
963 869 1085 914 2237,
1117 868 1265 917 partim
1298 867 1456 904 omnino
1484 879 1603 916 nega-

99 939 198 976 bant
235 951 318 976 esse
357 939 398 975 in
429 937 605 974 Terentii
637 937 834 974 comoediis
865 939 991 973 metra
1033 933 1084 983 (v.
1117 935 1308 972 Priscian.
1340 948 1378 984 p.
1416 935 1522 972 1319
1556 934 1600 971 Ρ.

100 1021 146 1038 Ξ
174 1007 231 1053 Π,
265 1007 346 1044 418
378 1003 466 1053 Κ.),
499 1009 544 1043 ut
575 1006 642 1043 alii
679 1004 928 1055 probandum
967 1005 1207 1041 testimoniis
1249 999 1502 1053 antiquorum
1532 1016 1604 1053 pu-

99 1079 234 1113 tarent
269 1088 519 1122 „mensuram
557 1088 640 1111 esse
671 1075 713 1111 in
742 1073 888 1110 fabulis
918 1072 1097 1109 Terentii
1129 1076 1168 1109 et
1197 1071 1331 1109 Plauti
1373 1085 1417 1108 ac
1456 1075 1604 1108 cetero-

100 1157 188 1181 rum
226 1144 467 1181 comicorum
507 1146 546 1179 et
579 1140 845 1192 tragicorum“
885 1139 1031 1188 (Rufin.
1066 1141 1114 1178 de
1144 1141 1282 1177 metris
1312 1152 1350 1188 p.
1387 1140 1492 1177 1713
1525 1136 1603 1186 P.).

100 1211 231 1249 Hodie
269 1224 384 1248 nemo
423 1210 600 1258 dubitat,
642 1211 738 1260 quin
776 1210 942 1247 Plautus
981 1210 1115 1247 omnia
1154 1207 1334 1246 versibus
1381 1208 1604 1257 scripserit3

101 1280 220 1317 immo
259 1279 374 1316 multi
411 1279 503 1316 huic
532 1280 602 1316 uni
633 1279 691 1315 rei
721 1279 866 1316 intenti
897 1278 974 1315 alia
1005 1279 1137 1314 omnia
1166 1276 1369 1326 negligere
1399 1276 1604 1321 videntur,

101 1348 172 1385 sed
218 1348 265 1385 de
310 1349 464 1385 ratione
509 1360 762 1384 numerorum
808 1351 848 1384 et
886 1347 933 1384 de
972 1347 1068 1383 artis
1106 1345 1258 1395 legibus
1295 1343 1471 1382 nondum
1510 1344 1606 1381 satis

101 1417 205 1453 inter
234 1417 339 1454 viros
371 1416 511 1453 doctos
544 1417 740 1453 convenit.
789 1416 881 1462 Quae
909 1415 1174 1463 discrepantia
1199 1414 1385 1463 quoniam
1415 1426 1494 1449 non
1524 1416 1607 1449 tam

103 1498 150 1522 ex
187 1485 431 1532 singularum
472 1497 604 1522 rerum
643 1484 917 1522 observatione
957 1496 1074 1532 quam
1106 1495 1154 1519 ex
1183 1481 1361 1531 generali
1392 1481 1439 1518 de
1471 1481 1607 1517 metris

102 1553 248 1590 iudicio
281 1553 422 1599 oritur,
456 1557 545 1589 ante
577 1566 694 1602 quam
726 1552 882 1601 singula
916 1555 1042 1587 metra
1070 1553 1298 1596 tractamus,
1332 1549 1380 1586 de
1412 1549 1607 1586 communi

102 1634 286 1658 versuum
325 1624 364 1658 et
400 1634 652 1658 numerorum
693 1621 846 1657 rat-ione
890 1620 1067 1656 breviter
1113 1617 1387 1655 disserendum
1432 1617 1604 1663 videtur,

105 1703 342 1739 quamquam
372 1689 473 1726 nihil
503 1689 586 1725 fere
619 1688 727 1725 aliud
750 1688 888 1735 habeo,
923 1701 1039 1737 quam
1065 1687 1172 1736 quod
1194 1685 1419 1733 Madvigius
1447 1684 1605 1731 dudum,

103 1757 168 1795 vel
197 1759 239 1794 in
271 1758 527 1805 grammatica
556 1756 714 1803 Latina,
748 1757 974 1793 summatim
1007 1756 1202 1804 exposuit.

217 1825 414 1863 Numerus
453 1826 578 1873 igitur
615 1824 783 1875 pedibus
825 1824 1104 1873 distinguitur,
1151 1836 1221 1873 pes
1268 1825 1399 1859 autem
1445 1820 1608 1870 syllabis

105 1898 260 1932 constat
295 1895 415 1931 variae
455 1906 648 1930 mensurae
687 1893 858 1943 simplici
896 1893 1052 1929 ratione
1091 1895 1131 1928 et
1171 1895 1275 1928 certo
1316 1890 1454 1927 ordine
1488 1903 1607 1939 copu-

104 1963 207 2000 latis.
269 1962 465 1999 Errarunt
505 1966 543 1998 et
581 1962 648 2011 qui
687 1975 734 1998 ex
772 1974 853 1998 una
892 1960 1043 2009 syllaba
1081 1960 1221 2009 pedem
1267 1962 1446 1996 constare
1492 1971 1607 2007 posse

104 2033 300 2080 putarunt
339 2033 379 2067 et
418 2031 486 2079 qui
525 2043 573 2066 ex
610 2030 795 2079 paribus,
840 2043 930 2065 nam
977 2029 1044 2078 qui
1091 2042 1138 2065 ex
1183 2027 1276 2065 solis
1314 2026 1500 2063 brevibus
1540 2029 1609 2062 aut

106 2098 201 2136 solis
231 2099 360 2146 longis
392 2102 575 2135 constare
617 2098 821 2143 dicuntur,
855 2097 1098 2145 tribrachys,
1133 2095 1350 2145 spondeus,
1384 2095 1608 2145 proceleus-

106 2167 288 2213 maticus,
334 2166 544 2212 molossus,
591 2166 752 2215 proprie
793 2179 873 2202 non
912 2164 1032 2213 pedes
1071 2168 1182 2210 sunt,
1223 2163 1291 2200 sed
1329 2177 1402 2213 pro
1441 2162 1609 2212 pedibus

107 2233 281 2271 eiusdem
311 2247 505 2271 mensurae
546 2233 852 2271 substituuntur.
914 2232 1107 2269 Metiendi
1146 2235 1276 2269 autem
1314 2231 1394 2268 haec
1433 2231 1496 2267 lex
1535 2233 1607 2276 est,

105 2306 151 2339 ut
187 2315 266 2339 una
303 2302 456 2350 syllaba
492 2302 612 2349 longa
648 2301 743 2338 duas
774 2301 912 2338 breves
945 2304 1092 2349 aequet,
1126 2299 1188 2336 vel
1218 2302 1263 2336 ut
1292 2299 1411 2346 longa
1441 2298 1609 2335 duorum

106 2373 349 2420 temporum,
381 2369 513 2406 brevis
544 2370 659 2406 unius
690 2370 743 2406 sit
775 2367 958 2416 (Quintil.
991 2367 1066 2414 IX,
1101 2368 1145 2413 4,
1180 2364 1265 2413 47).
1327 2366 1388 2403 Ab
1419 2366 1492 2403 hac
1523 2366 1609 2412 lege

107 2439 148 2475 in
178 2451 221 2475 re
252 2439 419 2475 metrica
449 2451 527 2474 non
562 2437 798 2483 disceditur,
839 2450 910 2473 nec
947 2449 1083 2473 versus
1123 2435 1295 2484 syllabas
1332 2435 1443 2471 novit
1482 2434 1610 2482 longis

107 2506 307 2554 longiores
339 2510 407 2543 aut
437 2505 624 2543 brevibus
655 2505 854 2542 breviores
881 2507 949 2541 aut
974 2503 1126 2540 medias
1152 2504 1259 2539 inter
1283 2506 1489 2551 utrasque3
1524 2514 1610 2551 quae

109 2575 214 2611 enim
243 2575 284 2610 in
314 2574 420 2611 nuda
450 2574 598 2611 musica
622 2572 708 2610 fieri
733 2575 865 2622 potest
890 2585 1074 2609 sonorum
1098 2571 1310 2621 productio
1335 2573 1374 2607 et
1397 2570 1608 2619 correptio,

109 2654 155 2678 ea
192 2641 240 2679 ab
279 2643 472 2679 sermonis
514 2641 767 2690 simplicitate
813 2637 1063 2686 abhorret*).
1126 2638 1229 2685 Quid
1267 2638 1342 2675 sibi
1381 2640 1421 2674 in
1458 2638 1530 2674 hac
1568 2650 1610 2673 re

145 2806 177 2850 *)
202 2807 316 2842 Recte
340 2807 481 2841 Marius
502 2806 715 2841 Victorinus
740 2806 767 2849 I,
794 2807 831 2840 8:
860 2805 1013 2850 „Musici
1040 2816 1115 2839 non
1140 2816 1267 2839 omnes
1293 2804 1390 2839 inter
1416 2815 1452 2838 se
1479 2804 1610 2847 longas

203 2867 266 2898 aut
289 2864 418 2898 breves
443 2864 521 2908 pari
548 2875 718 2898 mensura
747 2863 960 2905 consistere,
987 2862 1017 2897 si
1043 2862 1189 2906 quidem
1216 2865 1253 2896 et
1276 2861 1379 2895 brevi
1402 2860 1610 2894 breviorem

203 2924 240 2954 et
270 2920 381 2965 longa
412 2921 619 2964 longiorem
651 2920 781 2954 dicunt
810 2931 920 2965 posse
953 2919 1134 2963 syllabam
1159 2918 1255 2960 fieri;
1292 2917 1438 2951 metrici
1476 2919 1610 2959 autem,
