1926 3275
248 311 329 350 348
902 302 1086 337 Asinaria.

246 435 436 482 vendidit,
468 436 724 484 pretiumque
754 432 930 470 nondum
957 431 1129 469 solutum
1153 431 1382 469 adulescens
1408 431 1568 482 quidam
1593 432 1752 480 ignotus

248 504 373 542 affert.
436 503 510 549 Qui
549 515 669 551 quum
708 513 799 538 casu
838 500 878 536 in
916 499 1134 536 Leonidam
1172 499 1329 546 incidit,
1370 499 1437 536 ille
1484 513 1523 536 se
1561 499 1752 537 Sauream

247 585 332 610 esse
378 571 493 618 dicit,
540 570 694 618 sibique
740 572 784 605 ut
827 569 996 618 pecunia
1041 567 1254 614 reddatur,
1300 567 1490 617 postulat.
1560 567 1637 605 Sed
1682 580 1754 604 nec

247 639 466 685 Leonidas,
515 637 693 687 quamvis
740 635 1027 681 stomachetur,
1069 648 1140 672 nec
1178 635 1372 682 Libanus,
1419 635 1547 672 fidelis
1594 635 1634 671 in
1678 634 1753 672 hac

249 722 291 744 re
337 706 513 752 adiutor,
559 705 757 755 hospitem
804 717 848 741 eo
894 703 1110 752 perducere
1158 706 1309 753 potest,
1350 703 1474 740 donec
1513 716 1631 740 senex
1668 703 1755 752 ipse

248 775 500 812 Demaenetus
533 772 751 810 Leonidam
778 771 966 809 Sauream
999 785 1081 808 esse
1114 770 1296 808 affirmat.
1342 771 1558 808 Numerata
1587 771 1756 819 pecunia

250 842 447 880 Leonidas
487 840 628 889 gaudio
669 840 850 876 exultans
882 842 1124 887 strategema
1155 852 1266 876 suuni
1298 852 1490 889 prospere
1521 838 1756 875 successisse

250 923 440 948 conservo
479 912 634 955 narrat,
676 912 715 945 et
752 911 922 957 uterque
961 921 1097 944 servus
1136 908 1406 957 Argyrippum
1445 911 1484 943 et
1520 906 1755 943 Philaenium

250 981 327 1016 iam
360 977 407 1014 de
439 977 564 1014 salute
597 976 852 1025 desperantes
880 975 1135 1013 consolantur
1158 976 1446 1025 pecuniamque
1473 973 1673 1011 affirmant
1696 973 1755 1010 illi

253 1045 410 1095 quidem
451 1047 630 1094 paratam
671 1057 774 1090 esse,
816 1043 885 1080 sed
915 1043 1072 1080 tradere
1104 1043 1262 1089 nolunt,
1297 1046 1507 1092 antequam
1539 1055 1606 1079 eos
1636 1041 1757 1079 variis

250 1114 379 1151 modis
404 1112 719 1150 ludificaverunt.
762 1111 849 1148 Non
874 1111 921 1148 ab
937 1112 1163 1161 Argyrippo
1195 1112 1322 1148 solum
1352 1110 1572 1160 postulant,
1605 1113 1650 1146 ut
1680 1109 1756 1146 sibi

252 1183 468 1220 summissis
506 1180 689 1230 precibus
729 1179 944 1229 supplicet,
985 1179 1053 1216 sed
1093 1181 1209 1216 etiam
1244 1178 1425 1215 Philaenii
1464 1177 1679 1215 blanditias
1719 1180 1758 1214 et

251 1250 386 1287 oscula
415 1252 596 1298 poscunt,
630 1247 734 1297 quod
768 1260 886 1297 quum
918 1251 1072 1284 amator
1102 1246 1263 1294 indigne
1295 1247 1416 1292 ferat,
1451 1259 1585 1282 servus
1617 1245 1756 1282 herum

252 1319 380 1367 ipsum
412 1317 607 1365 cogit‚lut
638 1329 678 1352 se
711 1318 801 1364 equi
833 1315 951 1352 modo
981 1315 1112 1352 vehat.
1165 1315 1264 1351 Tum
1295 1314 1452 1351 demum
1485 1314 1519 1350 ei
1550 1314 1757 1363 pecuniam

251 1386 378 1423 tradit
414 1385 540 1435 patris
580 1383 718 1420 fraude
758 1387 797 1420 et
835 1383 1039 1420 mendacio
1080 1385 1368 1432 comparatam,
1417 1381 1554 1418 addita.
1599 1380 1757 1430 quidem

254 1454 502 1499 condicione,
535 1455 579 1488 ut
612 1454 696 1488 seni
728 1455 880 1488 noctem
916 1451 1134 1488 meretricis
1174 1450 1375 1487 concedat.
1437 1450 1594 1486 Interea
1624 1449 1758 1486 rivalis

254 1522 415 1559 advenit
460 1519 725 1569 syngrapham
773 1519 940 1556 afferens
988 1533 1010 1555 a
1054 1519 1232 1569 parasito
1280 1531 1350 1555 suo
1392 1519 1670 1567 compositam,
1716 1517 1758 1553 in

254 1603 334 1640 qua
363 1590 490 1637 leges,
524 1586 667 1637 quibus
698 1587 831 1637 puella
868 1600 1009 1637 parere
1049 1590 1230 1636 cogatur,
1271 1588 1312 1624 in
1350 1586 1561 1623 ridiculum
1599 1584 1758 1622 modum

254 1657 403 1695 acerbae
437 1658 595 1705 scriptae
627 1659 730 1692 sunt.
793 1655 868 1701 Qui
908 1658 1121 1705 postquam
1159 1667 1241 1691 rem
1281 1654 1329 1690 ab
1370 1654 1494 1691 altero
1526 1656 1757 1703 occupatam

252 1725 535 1763 animadvertit
574 1726 614 1760 et
651 1722 922 1760 Demaenetum
959 1722 1164 1772 filiumque
1205 1736 1291 1760 cum
1329 1722 1535 1759 meretrice
1572 1723 1757 1770 potantes

250 1793 378 1840 videt,
424 1793 484 1829 ira
529 1792 662 1828 furens
709 1794 745 1827 et
790 1791 952 1828 ultionis
999 1790 1166 1841 cupidus
1212 1804 1363 1827 omnem
1411 1803 1492 1827 rem
1529 1789 1756 1826 Artemonae

252 1862 407 1911 aperire
442 1861 592 1896 statuit.
654 1858 859 1905 Matrona,
892 1862 936 1896 ut
967 1860 1048 1896 suis
1080 1859 1203 1896 oculis
1233 1857 1387 1907 flagitia
1417 1858 1492 1896 viri
1524 1857 1756 1907 conspiciat,

253 1943 274 1966 a
318 1929 494 1978 parasito
540 1927 699 1964 Diaboli
745 1926 915 1963 adducta
962 1928 1147 1964 maritum
1202 1926 1446 1972 maledictis,
1496 1925 1638 1975 quibus
1684 1937 1758 1974 par

253 2000 348 2043 erat,
380 2000 563 2033 vexatum
594 1995 754 2032 domum
789 1994 925 2044 abigit.

366 2063 518 2101 Fabula
556 2064 638 2100 haec
677 2064 831 2112 integra
870 2065 1026 2099 servata
1066 2066 1126 2098 est
1165 2059 1260 2108 (vid.
1295 2061 1345 2098 ad
1376 2074 1412 2098 v.
1447 2058 1545 2108 803)
1582 2064 1640 2107 et,
1681 2061 1757 2097 nisi

255 2132 359 2182 quod
390 2131 597 2181 turpitudo
632 2130 853 2179 argumenti
884 2129 1059 2176 offendit,
1093 2130 1235 2166 merito
1266 2129 1471 2175 laudatur,
1505 2142 1597 2165 nam
1624 2132 1663 2165 et
1689 2142 1757 2178 op·

253 2203 349 2237 time
394 2202 548 2237 morata
592 2202 651 2235 est
696 2202 735 2235 et
773 2198 965 2247 imprimis
1004 2197 1183 2234 ridicula.
1246 2197 1374 2243 Quare
1412 2197 1459 2234 iis
1498 2196 1755 2246 temporibus,

254 2268 397 2317 quibus
428 2268 469 2304 in
499 2266 621 2303 Italia
650 2270 798 2303 renatae
841 2269 933 2302 sunt
962 2266 1126 2312 litterae,
1161 2268 1200 2302 et
1233 2265 1375 2302 Latino
1408 2278 1587 2302 sermone
1619 2264 1757 2314 ageba-

253 2341 338 2383 tur,
371 2336 479 2373 velut
509 2334 689 2372 Romana
727 2334 926 2371 academia
956 2333 1173 2382 Pomponio
1205 2333 1316 2370 Laeto
1347 2333 1516 2383 praeside
1549 2346 1579 2369 c.
1613 2345 1757 2369 annum

259 2405 377 2450 1480,
411 2416 525 2440 scena
557 2406 707 2439 structa
738 2404 778 2439 in
804 2401 999 2448 Quirinali
1030 2404 1176 2448 monte,
1209 2401 1431 2438 Asinariam
1455 2400 1590 2438 Plauti
1615 2400 1758 2437 Latine

255 2473 354 2521 egit,
389 2475 428 2507 et
456 2471 606 2507 Italicis
645 2470 824 2507 versibus
862 2470 1060 2506 translata
1091 2469 1268 2506 Venetiis
1300 2472 1386 2506 acta
1419 2472 1477 2505 est
1508 2482 1541 2505 a.
1579 2469 1685 2505 1514
1718 2470 1759 2505 et

255 2542 294 2576 in
325 2541 563 2576 monasterio
596 2538 633 2575 S.
667 2538 858 2588 Stephani
899 2542 937 2574 et
968 2537 1075 2574 alibi.
1136 2536 1231 2573 Mox
1262 2536 1429 2574 Ioannes
1460 2536 1589 2573 Maria
1619 2535 1758 2573 Cecchi

255 2607 513 2644 Florentinus
559 2619 738 2655 magnam
784 2609 959 2655 partem,
1007 2609 1051 2642 ut
1096 2606 1181 2654 ipse
1228 2606 1304 2651 ait,
1353 2605 1402 2641 ad
1447 2604 1561 2642 huius
1613 2603 1758 2640 fabulae

257 2674 476 2722 exemplum
523 2674 714 2711 celebrem
760 2674 829 2710 illa
875 2677 991 2710 aetate
1039 2673 1267 2710 comoediam
1311 2673 1364 2719 „il
1402 2668 1611 2708 Martello“
1655 2684 1758 2708 com-

256 2742 389 2791 posuit
423 2739 568 2788 (Klein,
602 2741 835 2778 Geschichte
868 2740 936 2778 des
967 2740 1135 2778 Dramas
1166 2741 1231 2787 IV,
1264 2753 1302 2789 p.
1337 2737 1450 2787 646).

371 2809 481 2855 Quod
534 2809 767 2858 plerumque
821 2808 1021 2845 faciebant
1075 2809 1225 2858 antiqui
1277 2811 1427 2858 poetae,
1473 2810 1519 2843 ut
1563 2806 1756 2855 personis,

255 2878 392 2926 utique
445 2876 598 2913 ridendi
654 2877 781 2925 gratia
837 2876 956 2922 fictis,
1005 2889 1047 2912 ea
1093 2876 1253 2913 nomina
1298 2877 1565 2925 imponerent,
1614 2873 1756 2923 quibus
