1926 3275
806 321 848 355 V.
874 322 1064 356 877—892.
1603 327 1680 366 431

302 451 468 489 Versum
487 451 566 488 884
583 451 624 487 in
644 450 728 488 cod.
747 450 778 487 B
801 451 979 500 sequitur
1005 452 1097 498 886,
1123 455 1207 488 tum
1233 452 1326 498 887,
1355 453 1562 499 892-94,
1590 454 1682 500 885,

190 521 398 567 888-91,
422 532 555 557 omnes
580 521 711 556 autem
735 519 849 556 codd.
874 522 968 569 post
993 533 1028 556 v.
1050 521 1129 557 897
1156 519 1251 557 duos
1275 521 1425 569 primos
1451 518 1683 568 (886—87)

187 590 386 637 repetunt.
428 587 552 624 Primi
575 587 708 624 statim
735 587 908 624 editores
934 587 1297 625 animadverterunt
1321 601 1356 625 v.
1385 590 1463 626 885
1489 588 1550 626 his
1575 593 1684 626 ante-

185 656 411 706 ponendum
445 669 545 702 esse3
578 655 782 692 Acidalius
814 658 945 692 autem
976 656 1173 692 intellexit
1203 670 1238 692 v.
1267 657 1345 693 887
1373 656 1421 693 ab
1447 657 1526 694 888
1552 656 1684 694 divelli

185 737 266 761 non
296 736 424 774 posse.
484 723 522 760 Is
561 725 697 773 itaque
728 736 764 760 v.
800 724 878 761 887
913 723 961 760 ab
995 724 1245 761 antecedenti
1280 721 1395 772 (886)
1434 725 1683 775 interpositis

185 792 364 829 versibus
406 793 600 830 892—94
642 792 841 842 separavit
885 795 1020 829 contra
1060 791 1246 829 disertam
1286 792 1477 830 librorum
1518 794 1684 831 auctori-

186 863 327 907 tatem,
375 873 461 909 quae
505 860 580 898 hoc
625 874 809 898 versuum
854 873 927 910 par
976 858 1205 907 (886—87)
1256 861 1493 910 repetitione
1537 864 1682 898 tuetur.

184 927 418 966 Fleckeisen
453 932 560 966 recte
592 928 872 966 animadvertit
902 942 1037 966 versus
1072 929 1264 966 892-94
1296 929 1418 965 totius
1449 929 1524 966 loci
1556 932 1683 966 extre-

184 1009 269 1034 mos
302 1009 386 1034 esse
418 996 580 1044 debere,
612 997 682 1035 sed
713 997 817 1047 quod
848 1010 983 1034 versus
1019 998 1073 1033 sic
1105 997 1319 1034 ordinavit:
1354 997 1568 1043 884-86,
1603 997 1683 1034 890

185 1066 316 1112 -91,
351 1066 565 1112 887—89,
601 1067 815 1112 892-94,
856 1065 897 1102 id
937 1068 975 1102 et
1013 1065 1086 1102 hoc
1123 1065 1243 1102 habet
1282 1064 1537 1111 incommodi,
1579 1064 1685 1114 quod

187 1134 266 1170 887
299 1132 347 1170 ab
380 1134 459 1171 886
493 1133 713 1180 divellitur,
755 1137 794 1171 et
832 1133 939 1183 quod
969 1147 1004 1170 v.
1040 1135 1119 1170 892
1156 1133 1258 1180 „Ain
1287 1130 1500 1170 tandem‘?“
1537 1132 1586 1169 ad
1616 1146 1684 1182 pa-

185 1201 298 1238 rasiti
322 1201 444 1238 verba
466 1215 502 1239 v.
524 1203 624 1239 889:
657 1202 799 1250 „Amat
823 1202 939 1240 homo
965 1202 1027 1239 hic
1050 1205 1100 1248 te,
1126 1205 1170 1238 ut
1193 1197 1420 1251 praedicat“
1449 1200 1683 1247 referuntur,

185 1269 291 1320 quod
321 1270 416 1307 ferri
442 1282 519 1307 non
545 1274 692 1320 potest.
740 1269 934 1320 Equidem
959 1270 1058 1307 hanc
1082 1270 1175 1306 mihi
1199 1269 1405 1306 turbarum
1432 1269 1620 1319 originem
1646 1273 1685 1306 et

184 1339 290 1375 viam
308 1339 437 1375 animo
453 1338 633 1386 informo,
652 1338 867 1385 librarium,
888 1352 1006 1387 quum
1023 1339 1192 1387 primum
1209 1352 1244 1375 v.
1259 1339 1351 1384 885,
1372 1338 1511 1375 deinde
1529 1351 1589 1375 vv.
1605 1339 1683 1375 888

185 1408 293 1444 ——91
328 1407 507 1444 incautus
539 1407 747 1453 omisisset,
780 1410 918 1457 postea
949 1406 1220 1443 animadverso
1252 1419 1384 1443 errore
1416 1410 1509 1455 post
1537 1420 1572 1442 v.
1605 1407 1683 1444 894

186 1475 330 1512 omissa
363 1472 475 1522 (885.
511 1472 722 1521 888—91)
758 1462 1024 1524 adscripsisse.
1078 1474 1139 1512 Sic
1172 1477 1376 1511 sententiae
1410 1478 1516 1511 recte
1548 1488 1588 1511 se
1621 1488 1683 1509 ex-

186 1543 315 1593 cipere
359 1542 556 1580 videntur.
601 1564 654 1567 —
695 1544 786 1580 885.
827 1542 924 1580 Post
965 1540 1104 1580 aniona
1143 1543 1273 1579 hiatus
1318 1544 1358 1579 in
1406 1556 1562 1580 caesura.
1625 1542 1682 1578 Fl.

184 1614 363 1661 transp.:
415 1611 572 1658 „anima
610 1608 779 1657 foetet“;
821 1611 979 1648 Lachm.
1022 1611 1070 1648 ad
1109 1611 1265 1648 Lucret.
1306 1624 1342 1660 p.
1378 1612 1457 1648 200
1497 1610 1684 1660 praetulit,

186 1679 292 1729 quod
323 1682 383 1716 est
413 1679 518 1730 apud
549 1679 722 1717 Nonium
753 1694 791 1729 p.
822 1681 921 1726 233,
960 1683 1074 1726 „tuae
1105 1676 1244 1717 uxori“
1281 1692 1366 1716 cum
1397 1679 1527 1725 hiatu3
1559 1678 1681 1716 Koch.

185 1748 224 1784 in
247 1747 349 1785 Ann.
383 1748 478 1798 phil.
506 1747 546 1794 C,
579 1761 617 1797 p.
645 1749 744 1785 285:
782 1746 988 1795 „uoxori“,
1023 1748 1069 1784 de
1102 1761 1178 1797 quo
1211 1747 1289 1784 vid.
1318 1747 1367 1783 ad
1391 1747 1532 1797 Amph.
1564 1748 1682 1784 1102.

185 1837 240 1842 —
272 1812 443 1854 Nautea
474 1819 534 1853 est
566 1829 667 1865 aqua
700 1816 747 1852 de
780 1818 937 1853 sentina
976 1817 1103 1863 navis,
1143 1819 1188 1852 ut
1220 1817 1274 1852 ait
1306 1815 1455 1852 Nonius
1486 1829 1523 1865 p.
1560 1817 1602 1861 8,
1635 1816 1681 1851 cf.

185 1883 342 1922 Curcul.
379 1885 476 1921 100;
532 1885 726 1933 „omnium
775 1889 1018 1932 unguentum
1066 1884 1160 1921 odos
1206 1898 1300 1934 prae
1346 1887 1414 1920 tuo
1460 1880 1681 1920 nauteasffffi

185 1951 312 1989 Oasin.
347 1955 466 1990 extr:
507 1952 661 1998 „hircus
693 1956 834 1989 unctus
866 1950 1047 1990 nautea“.
1081 1973 1135 1976 -—
1170 1953 1261 1989 886.
1295 1962 1509 1989 necessum
1538 1948 1595 1988 sit
1623 1951 1681 1987 Fl.

184 2021 438 2068 grammatica
469 2020 670 2058 suadente.
724 2020 847 2058 Simul
881 2021 1104 2057 restituitur
1134 2033 1289 2066 versus,
1323 2021 1474 2069 antiqui
1511 2017 1680 2067 „illanc“

185 2088 422 2126 scribebant.
451 2109 504 2113 ——-
533 2091 625 2127 887.
662 2086 811 2138 diffluis·
843 2089 917 2136 (1325,
951 2103 1000 2125 sc.
1036 2091 1101 2137 qui
1134 2089 1254 2125 miser
1280 2089 1341 2125 sit.
1369 2108 1422 2112 ——-
1450 2085 1560 2137 Quid
1590 2084 1686 2125 (cl-5?

183 2169 219 2193 V.
245 2156 386 2206 Amph.
414 2159 508 2194 414.
536 2178 590 2182 -
620 2159 712 2195 889.
746 2157 792 2193 Ήΐ
812 2153 1041 2205 praedicas,
1074 2160 1118 2193 ut
1151 2170 1195 2192 ex
1228 2157 1310 2193 eius
1342 2156 1471 2193 verbis
1504 2159 1680 2205 apparot.

183 2244 240 2249 —
271 2226 364 2262 890.
396 2221 473 2263 illa
506 2239 576 2262 em.
610 2225 757 2262 Douza.
820 2225 899 2261 Alii
936 2222 1080 2272 „haed‘
1124 2228 1214 2273 post
1257 2221 1483 2272 „fenerato“
1519 2223 1680 2260 addunt.

183 2312 238 2317 —
268 2288 475 2341 fzmditat,
510 2294 556 2331 cf.
590 2293 695 2330 Poen.
731 2294 830 2330 271:
877 2292 1124 2339 „Monstrum
1157 2293 1352 2329 mulieris!
1386 2292 1543 2329 tantilla
1573 2295 1680 2328 tanta

184 2360 308 2398 uerba
332 2358 544 2398 funditat“.
597 2360 824 2411 faeneratO,
851 2374 936 2410 quae
963 2375 1040 2397 non
1066 2361 1309 2410 simpliciter,
1336 2360 1402 2397 sed
1427 2373 1511 2397 cum
1538 2360 1682 2396 faenore

183 2441 421 2478 repensurus
453 2433 522 2477 est,
557 2443 720 2479 quorum
752 2442 874 2478 pcenae
906 2443 983 2466 non
1012 2428 1217 2478 simplices,
1251 2428 1319 2465 sed
1344 2428 1582 2477 multiplices
1608 2428 1681 2464 sol-

182 2496 317 2534 vendae
349 2501 457 2544 sunt,
492 2498 538 2535 cf.
572 2498 677 2534 Men.
714 2499 811 2535 592:
860 2497 942 2544 „Ne
973 2497 1078 2533 illam
1114 2500 1268 2533 ecastor
1306 2496 1509 2533 faenerato
1549 2496 1681 2532 abstu-

183 2561 307 2602 listi“.
355 2565 443 2603 Ter.
476 2565 633 2603 Phorm.
669 2566 768 2602 493:
807 2565 1092 2613 „Faeneratum
1126 2565 1225 2601 istuc
1255 2563 1487 2601 beneficium
1519 2564 1682 2614 pulchre

182 2632 257 2670 tibi
289 2631 433 2671 dices“.
496 2634 568 2670 Ad.
606 2634 706 2670 219:
758 2633 958 2681 „Metuisti
995 2664 1001 2669 .
1031 2664 1036 2669 .
1066 2664 1071 2669 .
1108 2646 1153 2669 nc
1186 2646 1261 2669 non
1301 2632 1371 2669 tibi
1412 2633 1509 2669 istuc
1551 2632 1680 2668 faene-

183 2698 329 2738 raret“.
355 2722 411 2726 ——
434 2703 528 2739 891.
563 2697 785 2739 osculando
812 2699 1110 2751 potissnmmn,
1144 2701 1255 2750 quasi
1289 2714 1334 2737 ex
1368 2701 1426 2746 iis,
1463 2713 1547 2750 quae
1581 2699 1682 2736 dixit

183 2770 347 2806 maritus
371 2783 408 2806 v.
437 2771 515 2807 885
541 2783 611 2819 sq.,
646 2770 862 2817 graviorem
895 2783 1047 2818 psffllstm
1080 2783 1156 2806 non
1190 2769 1346 2805 habeat.
1380 2789 1434 2793 —
1468 2770 1559 2805 892,
1593 2765 1679 2804 Ain

185 2833 381 2876 tandem?
426 2839 588 2888 quaestio
629 2837 852 2887 significans
895 2836 1162 2887 {egritudinem
1205 2837 1340 2882 animi,
1383 2836 1428 2872 cf.
1462 2836 1550 2872 Aul.
1586 2837 1677 2871 202.

183 2905 296 2943 Truc.
325 2907 418 2943 599.
470 2903 557 2943 Ain
588 2905 844 2954 dissyllabum
879 2909 948 2953 cst,
980 2919 1015 2942 v.
1042 2905 1195 2952 Proleg.
1228 2918 1266 2954 p.
1300 2905 1387 2940 198.
1436 2904 1581 2940 Mimo]-
1611 2916 1679 2939 ne(-
