1926 3275
780 349 823 384 v.
849 351 1039 385 701—731.
1575 354 1658 393 417

159 500 218 505 -
246 476 367 519 Licet
394 479 490 517 mihi
521 492 697 529 quoque,
730 482 775 517 ut
804 479 975 517 Mullero
1006 493 1045 530 p.
1083 480 1172 527 116,
1205 479 1456 530 pyrrhichius
1486 480 1656 520 videtur.

160 548 220 586 Fl.
252 552 425 599 transp.:
478 547 719 595 „Fortunam
758 546 956 586 laudem“.
996 568 1051 573 —
1092 549 1185 586 714.
1219 557 1383 596 operas,
1425 550 1658 587 servitutem

159 617 409 664 amatoriam,
435 617 482 654 cf.
507 616 647 654 Bacch.
667 617 738 653 43:
777 616 869 664 „ubi
900 617 935 653 ei
966 616 1121 654 dederit
1153 615 1332 667 operas“.
1378 616 1535 654 Trucul.
1555 619 1655 655 721:

166 684 280 732 „Sine
317 685 507 732 uicissim,
544 686 612 734 qui
644 684 739 722 dant
770 697 947 734 operam,
981 684 1088 734 quod
1119 684 1235 732 dant,
1269 686 1398 734 operis
1429 683 1570 723 utier“.
1603 706 1659 710 —

162 755 256 791 715.
289 750 361 792 adi
389 766 461 803 pro
493 749 549 792 acl
578 753 671 790 olim
695 752 956 791 emendatum.
981 773 1037 777 -—
1062 754 1155 790 718.
1188 750 1434 801 commodas,
1469 753 1656 802 integras,

159 822 304 871 quibus
333 822 468 873 potius
499 821 650 871 aliquid
681 823 852 871 supersit
882 834 999 870 quam
1031 821 1143 858 desit.
1168 820 1248 858 .Cf.
1281 821 1401 859 Merc.
1429 822 1523 860 429.
1555 822 1655 860 Rud.

165 891 291 928 1318:
342 890 558 938 „talentum
604 889 759 938 argenti
801 887 1086 927 commodum‘².
1148 889 1313 927 Versum
1354 889 1467 928 affert
1504 890 1657 928 Nonius

159 973 200 1010 p.
235 959 335 1006 266,
374 958 443 996 ubi
480 961 586 996 recte
626 957 810 995 scribitur
851 967 953 1007 quas
993 955 1094 995 clem.
1134 978 1190 982 --
1229 959 1322 1017 720.
1356 967 1568 1005 consuere,
1609 960 1656 996 cf.

159 1041 196 1066 v.
230 1029 296 1065 78.
341 1026 585 1064 Adulescens
611 1028 814 1076 promissis
840 1025 1015 1063 nondum
1039 1027 1134 1063 satis
1159 1026 1332 1064 confidit.
1357 1047 1413 1052 —
1438 1028 1531 1064 721.
1564 1023 1659 1065 huic

160 1096 237 1133 iam
275 1096 316 1132 in
347 1095 378 1132 B
417 1094 680 1132 emendatum.
742 1093 1000 1132 Numerorum
1041 1093 1209 1132 defectui
1247 1095 1452 1132 consulens
1485 1094 1543 1132 Fl.
1585 1091 1659 1132 tibi

159 1162 317 1201 addidit
345 1166 438 1213 post
472 1160 592 1211 „fui“.
653 1162 776 1200 Recte
815 1175 855 1199 se
895 1162 1019 1211 caput
1053 1162 1169 1200 huius
1201 1163 1257 1200 rei
1289 1163 1400 1209 dicit,
1435 1164 1502 1213 qui
1533 1166 1657 1201 totam

157 1231 354 1270 fallaciam
380 1232 684 1280 excogitaverit;
711 1230 812 1268 alter
836 1234 967 1268 autem
992 1232 1032 1268 in
1057 1230 1192 1268 eadem
1217 1231 1474 1269 similitudine
1497 1245 1657 1269 manens

158 1315 219 1349 se,
252 1300 320 1350 qui
352 1299 568 1347 adiuverit,
595 1296 745 1348 pedem
779 1299 894 1347 dicit,
927 1299 1031 1336 unde
1063 1299 1292 1337 adulescens
1323 1304 1416 1338 noto
1448 1300 1658 1350 proverbio

165 1383 259 1417 „nec
298 1372 419 1419 caput
457 1381 526 1405 nec
564 1366 657 1417 pes“
701 1381 741 1405 se
780 1367 882 1405 hunc
920 1381 1139 1406 sermonem
1174 1382 1253 1405 non
1284 1368 1506 1418 intelligere
1538 1369 1658 1416 signi-

160 1438 264 1476 ficat.
325 1436 401 1475 Sed
440 1433 665 1484 sermonis,
706 1449 782 1485 qua
820 1436 972 1473 ratione
1010 1437 1103 1473 olim
1142 1438 1379 1486 scripturam
1418 1436 1503 1474 cod.
1537 1437 1656 1474 corri-

158 1505 326 1554 gebant,
358 1505 489 1542 versui
520 1506 735 1555 repugnat,
769 1517 891 1554 quare
922 1503 969 1541 ab
1008 1504 1092 1542 aliis
1129 1502 1400 1552 „sermonum“
1438 1508 1657 1542 correctum

159 1577 238 1622 est3
277 1573 430 1612 facilius
469 1576 510 1610 et
546 1573 690 1610 rectius
729 1571 898 1621 Seyffert
935 1573 975 1609 in
1005 1572 1148 1610 Philol.
1180 1572 1350 1620 XXVII,
1382 1587 1420 1623 p.
1453 1574 1533 1612 440
1573 1583 1657 1611 ser—

159 1639 294 1691 moni,
327 1642 373 1680 cf.
406 1641 518 1692 Capt.
554 1641 653 1678 607:
700 1639 893 1688 „Garriet,
927 1641 1020 1690 quoi
1058 1654 1184 1691 neque
1214 1655 1283 1690 pes
1314 1655 1498 1691 umquam
1530 1655 1656 1692 neque

158 1713 281 1762 caput
311 1707 564 1761 conpareat“.
626 1708 703 1746 Cic.
736 1708 846 1746 Fam.
879 1709 971 1756 VII,
1007 1710 1077 1757 31,
1111 1711 1154 1746 2:
1200 1723 1286 1757 „res
1325 1711 1383 1747 ita
1421 1713 1654 1756 contractas,

159 1782 222 1827 ut,
263 1777 591 1829 quemadmodum
630 1777 786 1824 scribis,
827 1791 898 1814 nec
937 1781 1057 1828 caput
1088 1791 1158 1815 nec
1188 1776 1349 1828 pedes“.
1380 1798 1436 1802 —
1469 1780 1561 1815 723.
1594 1777 1654 1815 Fl.

159 1849 313 1884 mutato
353 1845 564 1883 verborum
605 1845 762 1883 ordine:
816 1845 919 1893 „Nec
958 1845 1052 1896 quid
1092 1846 1228 1883 dicatis
1266 1848 1364 1884 scire
1395 1860 1466 1883 nec
1496 1859 1557 1883 me
1589 1860 1657 1883 cur

159 1913 307 1952 ludatis
344 1912 544 1964 possum“,
585 1915 669 1951 sine
709 1928 837 1952 causa.
878 1935 932 1939 —
972 1915 1064 1951 726.
1098 1914 1194 1951 Post
1232 1914 1268 1951 te
1305 1915 1450 1952 hiatur.
1512 1914 1656 1951 Muller

160 1982 473 2020 interiectionem
505 1982 695 2019 excidisse
726 1982 902 2032 putabat.
950 1982 1067 2020 Both.
1093 1982 1151 2020 Fl.
1179 1983 1378 2020 licentius:
1418 1987 1554 2032 „pater
1586 1996 1657 2019 nos

160 2051 264 2088 ferre
294 2050 410 2088 iussit
441 2050 525 2087 Hoc
557 2053 763 2100 argentum
795 2050 844 2087 ad
875 2049 955 2088 te“.
987 2071 1042 2075 —
1075 2052 1167 2088 727.
1200 2048 1379 2099 iue‘mmt,
1412 2051 1435 2088 i.
1465 2064 1495 2087 e.
1528 2052 1656 2087 inesse

161 2118 333 2166 videbis,
367 2118 413 2156 cf.
445 2118 552 2156 Pers.
588 2119 685 2156 644:
732 2119 860 2166 „Haec
899 2119 973 2156 erit
1011 2119 1114 2156 bono
1155 2131 1298 2167 genere
1329 2123 1466 2167 gnata,
1498 2119 1552 2156 nil
1584 2120 1656 2156 scit

159 2187 236 2224 nisi
272 2200 409 2224 uerum
447 2185 596 2237 loqui“.
658 2187 870 2237 Vulgatum
902 2191 960 2225 est
995 2188 1077 2234 „sic-
1105 2186 1227 2234 erit“;
1267 2188 1408 2226 Pseud.
1444 2189 1536 2225 681.
1568 2188 1655 2225 Ter.

161 2254 305 2293 Heaut.
335 2256 454 2293 1014.
486 2255 646 2293 Phorm.
674 2257 766 2293 801.
800 2255 899 2292 Eun.
930 2257 1022 2293 732.
1055 2277 1111 2280 —
1143 2252 1280 2301 honae,
1315 2258 1338 2293 i.
1366 2269 1397 2293 e.
1431 2256 1654 2303 commodae,

160 2337 196 2361 v,
224 2324 317 2361 718.
348 2343 397 2348 -·
432 2324 524 2361 728.
563 2320 674 2373 Quid
702 2321 746 2361 id
776 2323 847 2372 est,
881 2324 985 2374 quod
1015 2325 1243 2373 postulavit.
1276 2345 1330 2348 —
1364 2325 1456 2361 729.
1491 2334 1655 2374 qeccceso,

160 2391 268 2441 quod
305 2404 437 2429 errore
475 2391 566 2429 huic
605 2393 735 2429 versui
775 2405 821 2429 ex
859 2392 1105 2430 antecedenti
1144 2392 1328 2439 adhaesit,
1362 2392 1508 2430 delevit
1538 2393 1654 2430 Both.

161 2479 215 2484 -—
241 2461 334 2498 730.
360 2456 654 2498 Meritis-§mmo
686 2458 790 2509 cius,
824 2461 928 2510 quod
960 2462 1128 2498 maxime
1152 2461 1314 2507 meruit,
1354 2461 1518 2507 „merito
1545 2460 1651 2498 eius“

160 2528 304 2578 saepius
321 2527 467 2576 Cicero,
494 2532 538 2565 ut
554 2529 673 2566 Attic.
693 2529 737 2576 V,
761 2530 822 2575 11,
844 2529 879 2566 6.
907 2527 1016 2565 Fam.
1036 2528 1164 2576 XIIII,
1185 2530 1220 2576 2,
1241 2531 1276 2566 2.
1306 2528 1454 2567 Cluent.
1478 2531 1540 2576 59,
1564 2531 1654 2567 162.

161 2616 216 2621 —
234 2597 328 2634 731.
355 2593 584 2645 di31mlsos,'
609 2610 773 2644 amores,
800 2610 897 2646 quos
913 2610 1037 2646 prope
1057 2597 1220 2634 amissos
1238 2597 1314 2634 iam
1332 2602 1551 2647 recuperat,
1571 2612 1656 2635 cum

160 2663 367 2714 pecoribus
400 2668 605 2715 comparat
636 2678 683 2702 ex
715 2678 848 2702 errore
880 2665 1072 2711 reductis3
1107 2665 1152 2702 cf.
1180 2665 1255 2702 Cic.
1283 2665 1331 2702 ad
1350 2666 1431 2703 Att.
1452 2666 1534 2713 VII,
1556 2668 1591 2712 7,
1612 2668 1654 2702 7:

167 2731 360 2781 „pecudes
391 2732 575 2782 dispulsae
607 2735 667 2771 sui
694 2734 849 2781 generis
873 2736 1093 2782 sequuntur
1123 2731 1299 2783 g1·eges“.
1347 2733 1477 2772 Pison.
1498 2736 1561 2782 36,
1583 2736 1654 2772 87:

166 2799 296 2845 „omni
332 2801 457 2838 totius
494 2802 706 2852 provinciae
738 2815 880 2852 pecore
912 2799 1129 2851 dispulso“.
1161 2821 1217 2826 —-
1248 2801 1293 2839 In
1325 2802 1408 2839 cod.
1443 2803 1655 2853 archetypo

160 2868 363 2916 posterior
400 2882 491 2918 pars
530 2869 644 2907 huius
684 2883 817 2907 versus
856 2883 933 2907 una
973 2883 1057 2907 cum
1095 2870 1229 2919 priore
1265 2871 1464 2918 sequentis
1496 2870 1654 2907 excidit.

161 2934 291 2973 Alteri
329 2936 486 2985 quidem
526 2937 697 2976 defectui
736 2938 850 2975 facile
890 2937 1084 2984 medetur,
1124 2951 1212 2974 nam
1252 2951 1285 2975 v.
1321 2939 1399 2974 732
1433 2939 1586 2987 integer
1617 2939 1658 2975 in

739 3000 761 3019 ⁶
1341 2999 1385 3046 2'7
