1926 3275
784 298 825 333 V.
851 299 1043 333 469—478.
1577 301 1656 341 395

163 425 459 476 produxerim“.
521 427 609 465 Ter.
641 427 741 465 Eun.
776 429 869 467 326.
930 427 1008 465 Cic.
1049 427 1098 464 ad
1134 427 1218 464 Att.
1250 426 1326 473 IX,
1366 428 1432 473 13,
1470 429 1510 464 1:
1562 427 1657 473 „Hic

164 494 323 544 quidem
354 508 463 532 mera
493 496 640 533 scelera
670 494 927 546 loquuntur“.
988 495 1187 533 Adiectivi
1225 495 1403 545 exempla
1441 495 1521 533 vid.
1555 495 1656 532 infra

165 563 260 601 847.
296 562 379 601 Cas.
401 564 499 601 638:
538 563 889 611 „Scelestissimum
919 578 979 601 me
1012 577 1094 601 esse
1127 561 1282 601 credo“.
1323 562 1415 600 Cist.
1438 565 1536 601 512:
1575 577 1658 609 „me

163 631 359 668 infelicem
385 634 424 669 et
448 631 697 669 scelestam!“
732 633 852 671 Most.
874 634 972 671 553:
1011 632 1243 679 „Scelestus,
1269 635 1384 668 natus
1410 631 1469 668 dis
1493 632 1658 668 inimicis

164 697 383 736 omnibus⁴‘.
429 699 534 738 Poen.
568 702 662 739 200.
694 701 796 739 Rud.
832 703 924 739 502.
959 702 1052 739 801.
1090 702 1208 738 1167.
1263 700 1443 749 Vulgaris
1474 699 1547 737 1100
1580 713 1658 736 ser-

163 769 290 805 monis
323 781 407 805 esse
439 773 607 818 apparet
638 783 685 806 ex
715 769 1051 820 inscriptionibus,
1077 772 1121 805 ut
1146 768 1304 805 Clusina
1329 767 1431 816 apud
1449 767 1657 814 Cavedoni,

163 835 280 873 Mem.
314 835 353 872 di
379 836 551 874 Modena
573 837 676 884 XIV,
711 839 746 884 3,
779 851 817 887 p.
846 839 916 875 50:
956 837 1103 883 „scelus
1135 835 1235 874 filies
1266 840 1380 886 pater
1410 834 1586 882 dolens“,
1621 841 1660 873 01

163 904 291 950 Rossi,
323 904 443 942 Inscr.
469 904 614 943 Christ.
639 905 689 952 ΙΙ,
716 920 752 943 11.
776 907 875 942 326:
914 903 1194 952 „sceleratus“.
1219 925 1276 929 —
1303 905 1396 942 474.
1429 901 1539 953 Quae
1560 901 1661 942 res?

163 972 188 1009 i.
217 985 248 1009 e.
283 972 377 1022 quid
407 972 481 1010 hoc
510 975 569 1010 rei
601 972 686 1010 est?
719 974 950 1011 exclamatio
982 973 1235 1023 indignantis,
1269 987 1304 1010 v.
1332 973 1419 1010 Aul.
1448 973 1541 1009 415.
1575 972 1658 1009 Cas.

164 1041 258 1077 431.
295 1042 387 1078 688.
421 1042 515 1079 770.
550 1043 642 1079 786.
696 1042 781 1079 Mil.
818 1043 937 1079 1335.
984 1041 1088 1078 Poen.
1127 1043 1244 1079 1203.
1284 1062 1338 1065 -
1376 1037 1530 1078 laomim
1568 1041 1660 1078 olim

164 1108 424 1146 emendatum.
457 1129 514 1134 —-
545 1110 638 1147 475.
673 1106 790 1148 Male
821 1113 859 1146 et
888 1107 960 1158 fiet
989 1111 1095 1147 item.
1129 1130 1174 1133 —
1203 1105 1378 1158 Uccpulcl,
1412 1110 1437 1146 i.
1465 1122 1495 1145 e.
1523 1111 1660 1157 οἰζιιωζε,

164 1179 296 1213 κλαίειν
326 1179 417 1227 λέγω
451 1192 515 1214 σοι.
575 1177 716 1215 Festus
747 1191 785 1227 p.
821 1179 921 1215 372:
968 1177 1144 1227 „Vapula
1175 1177 1334 1226 Papiria
1372 1179 1412 1214 in
1449 1177 1659 1226 proverbio

164 1245 240 1282 fuit
270 1246 457 1295 antiquis,
491 1246 537 1283 de
571 1260 647 1296 quo
671 1245 829 1283 Sinnius
855 1246 996 1295 Capito
1029 1247 1083 1283 sic
1113 1245 1246 1293 refert,
1279 1249 1361 1282 'tum
1394 1245 1471 1283 dici
1502 1246 1660 1283 solitum

164 1327 266 1360 esse,
301 1328 386 1351 cum
419 1315 567 1351 vellent
599 1314 841 1351 minantibus
874 1314 948 1351 sibi
988 1313 1225 1364 significare,
1267 1327 1306 1350 se
1348 1327 1413 1350 eos
1453 1314 1660 1363 neglegere

164 1386 202 1419 01
242 1395 319 1419 non
358 1396 507 1420 curare.
568 1383 732 1420 Plautus
762 1382 1013 1419 Feneratrice
1047 1412 1166 1419 .....
1206 1382 1341 1419 Aelius
1381 1382 1418 1419 h.
1450 1382 1474 1419 l.
1514 1383 1660 1432 uapula

163 1452 337 1499 positum
377 1451 433 1488 ait
471 1465 544 1501 pro
583 1451 690 1497 dole,
724 1451 848 1488 Varro
879 1464 952 1500 pro
982 1451 1087 1500 peri,
1120 1454 1220 1487 teste
1251 1450 1434 1487 Terentio
1467 1452 1506 1487 in
1537 1450 1659 1488 Phor-

164 1521 295 1556 mione
330 1516 381 1566 (ν.
417 1520 516 1558 85οι
555 1519 665 1565 „Non
696 1518 855 1557 manes?
897 1518 978 1556 GE.
1010 1516 1222 1569 Vapula“.)
1256 1522 1294 1555 01
1324 1518 1463 1555 Plauto
1496 1520 1535 1555 in
1567 1518 1659 1555 Cur-

165 1588 320 1625 culione
369 1585 506 1635 (567):
565 1587 785 1636 „Vapulare
831 1601 901 1637 ego
947 1591 986 1624 te
1032 1587 1284 1624 Vehementer
1328 1586 1460 1633 iubeo,
1508 1601 1556 1624 ne
1602 1578 1661 1623 1110

164 1653 348 1693 te1·rites“
358 1685 365 1692 .

280 1724 487 1761 477-80.
519 1723 602 1760 Hos
634 1726 823 1772 quattuor
853 1736 987 1760 versus
1022 1737 1095 1773 pro
1137 1724 1279 1772 spuriis
1318 1724 1458 1760 seclusi
1497 1727 1662 1773 propter

164 1792 337 1842 plurima
367 1792 477 1828 vitia.
524 1791 698 1829 Primum
730 1792 945 1828 sententiae.
993 1791 1094 1837 Quid
1126 1793 1228 1829 enim
1259 1792 1332 1828 hoc
1357 1795 1426 1837 est,
1454 1791 1558 1840 quod
1584 1805 1660 1827 ser·
1698 1804 1705 1811 ·

165 1874 252 1897 vum
286 1860 326 1896 in
359 1860 417 1896 ius
449 1865 581 1906 vocat,
623 1861 662 1897 in
702 1873 815 1909 quem
855 1873 974 1896 unum
1007 1861 1068 1896 sui
1098 1860 1183 1896 heri
1215 1860 1403 1897 iudicium
1435 1858 1519 1896 est?
1554 1859 1659 1908 quid,

166 1928 273 1977 quod
310 1929 350 1965 in
387 1929 448 1965 ius
489 1928 545 1964 ire
583 1928 781 1965 nolentem
823 1929 1044 1965 meminisse
1082 1928 1208 1975 iubet,
1249 1932 1368 1977 atque
1407 1928 1471 1964 ille
1510 1941 1549 1964 se
1584 1941 1661 1964 me-

166 1996 325 2033 minisse
363 1995 598 2045 respondet,
639 2010 758 2045 quum
803 1997 1025 2033 necessario
1064 1995 1136 2033 hoc
1175 2009 1328 2046 quoque
1369 1996 1403 2032 ei
1441 1995 1661 2043 negandum

165 2063 310 2102 fuerit?
343 2062 520 2102 Conficta
550 2064 632 2101 haec
664 2068 754 2102 sunt
780 2065 828 2101 ad
854 2064 1150 2101 similitudinem
1176 2065 1348 2101 locorum
1368 2063 1479 2100 Curc.
1500 2064 1578 2101 620
1605 2077 1661 2112 sq.

167 2136 204 2170 et
235 2133 343 2170 Pers.
372 2134 450 2169 745
484 2145 555 2182 sq.,
590 2132 658 2170 sed
688 2133 850 2180 inscite3
882 2146 975 2170 nam
1006 2132 1060 2169 ibi
1091 2136 1197 2170 recte
1229 2136 1363 2169 contra
1395 2145 1493 2178 eum,
1527 2133 1593 2181 qui
1625 2132 1663 2168 in

166 2202 226 2238 ius
256 2201 313 2237 ire
345 2204 513 2247 recusat,
547 2204 670 2239 testes
703 2201 947 2239 advocantur
971 2205 1010 2238 01
1035 2202 1250 2238 ante-statio
1277 2200 1502 2237 adhibetur.
1544 2200 1663 2237 Acce-

167 2269 267 2306 dunt
297 2270 487 2306 sermonis
518 2270 628 2308 vitia.
676 2269 721 2307 V.
751 2271 831 2307 478
866 2266 951 2308 Une
982 2270 1030 2307 16.
1078 2269 1220 2307 Latine
1254 2269 1400 2306 dicitur
1436 2281 1515 2314 „vae
1546 2266 1661 2305 tibi‘².

167 2337 424 2375 Accusativus
456 2351 501 2375 ex
532 2351 610 2375 uno
644 2338 729 2375 1000
754 2338 930 2385 affertur,
964 2338 1119 2375 Senecae
1152 2337 1198 2373 (10
1224 2340 1350 2374 1110110
1376 2336 1528 2373 Claudii
1555 2337 1591 2382 4,
1621 2338 1661 2371 3:

1315 2403 1330 2419 ‘²
1367 2404 1495 2441 deleto
1526 2405 1663 2441 vitium

173 2406 278 2452 „Vae
308 2419 387 2453 me,
428 2409 544 2455 puto,
587 2407 794 2443 concacavi
826 2404 928 2452 me“,
962 2405 1028 2442 ubi
1060 2406 1185 2442 altero
1223 2419 1307 2452 „me

168 2479 403 2512 removetur.
435 2474 643 2512 Proximus
667 2488 802 2511 versus
839 2474 952 2521 „Tibi
973 2505 980 2511 .
1001 2505 1008 2511 .
1030 2505 1037 2511 .
1057 2503 1064 2510 .
1085 2471 1222 2510 detur“
1254 2474 1519 2522 septenarium
1545 2471 1663 2509 efficit

168 2556 247 2580 non
284 2543 449 2589 malum,
490 2555 727 2592 quamquam
769 2555 916 2579 caesura
957 2545 1173 2588 carentem,
1220 2541 1287 2578 sed
1333 2541 1492 2578 additur
1530 2537 1665 2590 Atque

168 2609 306 2649 etiam.
353 2610 465 2657 Quod
490 2625 538 2648 ne
565 2614 730 2648 metrum
754 2610 947 2657 turbaret,
973 2610 1088 2647 Both.
1117 2613 1266 2648 mutato
1290 2609 1499 2647 verborum
1527 2609 1664 2646 ordine

169 2678 230 2716 ed.
267 2678 380 2726 „Tibi
412 2678 573 2729 quidem
606 2679 652 2717 de
679 2679 805 2725 nobis,
831 2678 1017 2725 carnifeX,
1044 2678 1160 2715 detur
1185 2676 1448 2728 supplicium?
1480 2677 1570 2714 ME.
1595 2677 1664 2714 At-

170 2760 245 2797 que
286 2744 456 2784 etiam‘?“
501 2761 586 2797 quae
618 2749 672 2785 sic
705 2750 882 2784 enarrat:
929 2747 1085 2795 „Atque
1125 2747 1243 2784 ctiam
1285 2760 1385 2783 nunc
1419 2745 1514 2783 mihi
1546 2745 1664 2782 male-

170 2815 277 2862 dicis,
296 2814 515 2852 carnificem
539 2829 599 2852 me
617 2812 874 2865 111111011011οἶμί
910 2815 1022 2861 Quod
1040 2828 1158 2864 quum
1177 2815 1291 2852 nimis
1316 2814 1522 2851 obscurum
1549 2817 1662 2858 essct,

168 2883 228 2921 Fl.
266 2884 418 2933 „Atque
456 2881 597 2921 etiam“
639 2897 725 2921 cum
770 2883 1022 2934 sequentibus
1068 2884 1206 2920 iunxit.
1267 2883 1412 2920 Verum
1451 2883 1504 2919 sic
1544 2881 1663 2919 verba
