<?xml version="1.0" encoding="UTF-8"?>
<!DOCTYPE html PUBLIC "-//W3C//DTD XHTML 1.0 Transitional//EN"
    "http://www.w3.org/TR/xhtml1/DTD/xhtml1-transitional.dtd">
<html xmlns="http://www.w3.org/1999/xhtml" xml:lang="en" lang="en">
 <head>
  <title>
</title>
<meta http-equiv="Content-Type" content="text/html;charset=utf-8" />
  <meta name='ocr-system' content='tesseract 3.04.00' />
  <meta name='ocr-capabilities' content='ocr_page ocr_carea ocr_par ocr_line ocrx_word'/>
</head>
<body>
  <div class='ocr_page' id='page_1' title='image "./comoediaerecensv01plauuoft_0427.png"; bbox 0 0 1926 3275; ppageno 0'>
   <div class='ocr_carea' id='block_1_1' title="bbox 813 315 1690 367">
    <p class='ocr_par' dir='ltr' id='par_1_1' title="bbox 813 315 1690 367">
     <span class='ocr_line' id='line_1_1' title="bbox 813 315 1690 367; baseline -0.001 -11"><span class='ocrx_word' id='word_1_1' title='bbox 813 322 855 356; x_wconf 85' lang='lat' dir='ltr'>V.</span> <span class='ocrx_word' id='word_1_2' title='bbox 881 315 1070 357; x_wconf 72' lang='lat'>53&#39;3-548.</span> <span class='ocrx_word' id='word_1_3' title='bbox 1608 328 1690 367; x_wconf 86' lang='lat'>403</span> 
     </span>
    </p>
   </div>
   <div class='ocr_carea' id='block_1_2' title="bbox 191 444 1691 3009">
    <p class='ocr_par' dir='ltr' id='par_1_2' title="bbox 191 444 1691 3009">
     <span class='ocr_line' id='line_1_2' title="bbox 196 444 1689 502; baseline 0.003 -15"><span class='ocrx_word' id='word_1_4' title='bbox 196 450 400 500; x_wconf 82' lang='lat' dir='ltr'>Quumque</span> <span class='ocrx_word' id='word_1_5' title='bbox 447 452 563 488; x_wconf 85' lang='lat' dir='ltr'>etiam</span> <span class='ocrx_word' id='word_1_6' title='bbox 604 452 827 502; x_wconf 77' lang='lat' dir='ltr'>proximum</span> <span class='ocrx_word' id='word_1_7' title='bbox 871 449 970 502; x_wconf 72' lang='lat' dir='ltr'>Qm&#39;,</span> <span class='ocrx_word' id='word_1_8' title='bbox 1009 466 1031 489; x_wconf 90' lang='lat' dir='ltr'>a</span> <span class='ocrx_word' id='word_1_9' title='bbox 1070 444 1145 502; x_wconf 83' lang='lat' dir='ltr'>quo</span> <span class='ocrx_word' id='word_1_10' title='bbox 1183 465 1218 488; x_wconf 89' lang='lat' dir='ltr'>v.</span> <span class='ocrx_word' id='word_1_11' title='bbox 1255 452 1332 489; x_wconf 76' lang='lat'>543</span> <span class='ocrx_word' id='word_1_12' title='bbox 1372 452 1531 502; x_wconf 86' lang='lat' dir='ltr'>incipit,</span> <span class='ocrx_word' id='word_1_13' title='bbox 1571 453 1689 491; x_wconf 87' lang='lat' dir='ltr'>verbo</span> 
     </span>
     <span class='ocr_line' id='line_1_3' title="bbox 195 519 1691 570; baseline 0.002 -15"><span class='ocrx_word' id='word_1_14' title='bbox 195 522 366 566; x_wconf 88' lang='lat' dir='ltr'>careret,</span> <span class='ocrx_word' id='word_1_15' title='bbox 415 519 583 557; x_wconf 84' lang='lat' dir='ltr'>alterum</span> <span class='ocrx_word' id='word_1_16' title='bbox 628 533 782 557; x_wconf 88' lang='lat' dir='ltr'>versum</span> <span class='ocrx_word' id='word_1_17' title='bbox 829 520 1019 558; x_wconf 84' lang='lat' dir='ltr'>excidisse</span> <span class='ocrx_word' id='word_1_18' title='bbox 1059 519 1249 569; x_wconf 88' lang='lat' dir='ltr'>putabam</span> <span class='ocrx_word' id='word_1_19' title='bbox 1288 522 1378 570; x_wconf 86' lang='lat' dir='ltr'>post</span> <span class='ocrx_word' id='word_1_20' title='bbox 1415 534 1450 556; x_wconf 88' lang='lat' dir='ltr'>v.</span> <span class='ocrx_word' id='word_1_21' title='bbox 1487 521 1562 558; x_wconf 83' lang='lat'>546</span> <span class='ocrx_word' id='word_1_22' title='bbox 1613 519 1691 569; x_wconf 84' lang='lat' dir='ltr'>(vel</span> 
     </span>
     <span class='ocr_line' id='line_1_4' title="bbox 193 585 1687 638; baseline 0.002 -15"><span class='ocrx_word' id='word_1_23' title='bbox 193 587 348 637; x_wconf 91' lang='lat' dir='ltr'>potius,</span> <span class='ocrx_word' id='word_1_24' title='bbox 396 588 581 638; x_wconf 87' lang='lat' dir='ltr'>quoniam</span> <span class='ocrx_word' id='word_1_25' title='bbox 627 588 688 625; x_wconf 84' lang='lat' dir='ltr'>hic</span> <span class='ocrx_word' id='word_1_26' title='bbox 736 589 891 638; x_wconf 88' lang='lat' dir='ltr'>spurius</span> <span class='ocrx_word' id='word_1_27' title='bbox 936 588 1113 635; x_wconf 88' lang='lat' dir='ltr'>videtur,</span> <span class='ocrx_word' id='word_1_28' title='bbox 1160 591 1250 638; x_wconf 87' lang='lat' dir='ltr'>post</span> <span class='ocrx_word' id='word_1_29' title='bbox 1291 585 1387 635; x_wconf 82' lang='lat'>545)</span> <span class='ocrx_word' id='word_1_30' title='bbox 1429 588 1549 626; x_wconf 85' lang='lat' dir='ltr'>talem</span> <span class='ocrx_word' id='word_1_31' title='bbox 1587 590 1687 627; x_wconf 87' lang='lat' dir='ltr'>fere:</span> 
     </span>
     <span class='ocr_line' id='line_1_5' title="bbox 200 654 1690 707; baseline 0.001 -15"><span class='ocrx_word' id='word_1_32' title='bbox 200 654 396 701; x_wconf 89' lang='lat' dir='ltr'>„Obiectis</span> <span class='ocrx_word' id='word_1_33' title='bbox 435 656 617 693; x_wconf 85' lang='lat' dir='ltr'>stetimus</span> <span class='ocrx_word' id='word_1_34' title='bbox 657 656 818 694; x_wconf 88' lang='lat' dir='ltr'>fortiter</span> <span class='ocrx_word' id='word_1_35' title='bbox 848 657 1094 707; x_wconf 82' lang='lat' dir='ltr'>scapulisque</span> <span class='ocrx_word' id='word_1_36' title='bbox 1136 654 1432 705; x_wconf 69' lang='lat' dir='ltr'>cru1¹ibusque“.</span> <span class='ocrx_word' id='word_1_37' title='bbox 1493 656 1607 694; x_wconf 86' lang='lat' dir='ltr'>Nunc</span> <span class='ocrx_word' id='word_1_38' title='bbox 1647 671 1690 695; x_wconf 92' lang='lat' dir='ltr'>eo</span> 
     </span>
     <span class='ocr_line' id='line_1_6' title="bbox 193 721 1688 774; baseline 0.002 -15"><span class='ocrx_word' id='word_1_39' title='bbox 193 725 317 773; x_wconf 86' lang='lat' dir='ltr'>magis</span> <span class='ocrx_word' id='word_1_40' title='bbox 357 723 524 771; x_wconf 86' lang='lat' dir='ltr'>inclino,</span> <span class='ocrx_word' id='word_1_41' title='bbox 562 727 605 761; x_wconf 88' lang='lat' dir='ltr'>ut</span> <span class='ocrx_word' id='word_1_42' title='bbox 644 738 728 761; x_wconf 85' lang='lat' dir='ltr'>cum</span> <span class='ocrx_word' id='word_1_43' title='bbox 769 724 1060 774; x_wconf 70' lang='lat' dir='ltr'>antiquioribus</span> <span class='ocrx_word' id='word_1_44' title='bbox 1101 724 1318 761; x_wconf 76' lang='lat' dir='ltr'>editoribus</span> <span class='ocrx_word' id='word_1_45' title='bbox 1356 738 1391 762; x_wconf 88' lang='lat' dir='ltr'>v.</span> <span class='ocrx_word' id='word_1_46' title='bbox 1430 721 1510 774; x_wconf 71' lang='lat' dir='ltr'>Qm&#39;</span> <span class='ocrx_word' id='word_1_47' title='bbox 1539 725 1688 773; x_wconf 85' lang='lat' dir='ltr'>tollam,</span> 
     </span>
     <span class='ocr_line' id='line_1_7' title="bbox 195 789 1688 842; baseline 0.001 -14"><span class='ocrx_word' id='word_1_48' title='bbox 195 804 271 841; x_wconf 92' lang='lat' dir='ltr'>quo</span> <span class='ocrx_word' id='word_1_49' title='bbox 302 792 405 829; x_wconf 87' lang='lat' dir='ltr'>facto</span> <span class='ocrx_word' id='word_1_50' title='bbox 436 792 546 829; x_wconf 89' lang='lat' dir='ltr'>locus</span> <span class='ocrx_word' id='word_1_51' title='bbox 580 793 711 829; x_wconf 78' lang='lat' dir='ltr'>sanari</span> <span class='ocrx_word' id='word_1_52' title='bbox 743 796 887 842; x_wconf 89' lang='lat' dir='ltr'>potest,</span> <span class='ocrx_word' id='word_1_53' title='bbox 913 793 945 829; x_wconf 89' lang='lat' dir='ltr'>si</span> <span class='ocrx_word' id='word_1_54' title='bbox 968 806 1038 842; x_wconf 90' lang='lat' dir='ltr'>pro</span> <span class='ocrx_word' id='word_1_55' title='bbox 1066 789 1256 830; x_wconf 65' lang='lat' dir='ltr'>Stimulos</span> <span class='ocrx_word' id='word_1_56' title='bbox 1280 792 1464 830; x_wconf 74' lang='lat' dir='ltr'>scribitur</span> <span class='ocrx_word' id='word_1_57' title='bbox 1488 790 1688 831; x_wconf 68' lang='lat' dir='ltr'>Stetiwms.</span> 
     </span>
     <span class='ocr_line' id='line_1_8' title="bbox 193 856 1691 899; baseline 0.001 -2"><span class='ocrx_word' id='word_1_58' title='bbox 193 880 249 886; x_wconf 57' lang='lat'>‘-</span> <span class='ocrx_word' id='word_1_59' title='bbox 276 859 569 897; x_wconf 76' lang='lat' dir='ltr'>Enumerantur</span> <span class='ocrx_word' id='word_1_60' title='bbox 596 861 705 897; x_wconf 83' lang='lat' dir='ltr'>varia</span> <span class='ocrx_word' id='word_1_61' title='bbox 728 863 938 898; x_wconf 86' lang='lat' dir='ltr'>tormenta.</span> <span class='ocrx_word' id='word_1_62' title='bbox 977 856 1222 899; x_wconf 47' lang='lat' dir='ltr'>Lammirlsas</span> <span class='ocrx_word' id='word_1_63' title='bbox 1247 860 1456 898; x_wconf 89' lang='lat' dir='ltr'>candentes</span> <span class='ocrx_word' id='word_1_64' title='bbox 1480 862 1583 898; x_wconf 87' lang='lat' dir='ltr'>inter</span> <span class='ocrx_word' id='word_1_65' title='bbox 1606 875 1691 898; x_wconf 87' lang='lat' dir='ltr'>cru-</span> 
     </span>
     <span class='ocr_line' id='line_1_9' title="bbox 194 928 1687 976; baseline 0.001 -12"><span class='ocrx_word' id='word_1_66' title='bbox 194 928 316 965; x_wconf 80' lang='lat' dir='ltr'>ciatus</span> <span class='ocrx_word' id='word_1_67' title='bbox 349 932 654 965; x_wconf 84' lang='lat' dir='ltr'>commemorant</span> <span class='ocrx_word' id='word_1_68' title='bbox 685 928 842 965; x_wconf 89' lang='lat' dir='ltr'>Lucret.</span> <span class='ocrx_word' id='word_1_69' title='bbox 867 928 937 975; x_wconf 94' lang='grc' dir='ltr'>ΠΙ,</span> <span class='ocrx_word' id='word_1_70' title='bbox 968 930 1086 966; x_wconf 87' lang='grc'>1017.</span> <span class='ocrx_word' id='word_1_71' title='bbox 1121 928 1268 966; x_wconf 85' lang='lat' dir='ltr'>Cicero.</span> <span class='ocrx_word' id='word_1_72' title='bbox 1294 928 1405 966; x_wconf 84' lang='lat' dir='ltr'>Verr.</span> <span class='ocrx_word' id='word_1_73' title='bbox 1431 928 1474 975; x_wconf 91' lang='lat' dir='ltr'>V,</span> <span class='ocrx_word' id='word_1_74' title='bbox 1504 930 1566 976; x_wconf 75' lang='grc'>63,</span> <span class='ocrx_word' id='word_1_75' title='bbox 1597 930 1687 966; x_wconf 70' lang='grc'>163.</span> 
     </span>
     <span class='ocr_line' id='line_1_10' title="bbox 192 995 1689 1046; baseline 0.001 -14"><span class='ocrx_word' id='word_1_76' title='bbox 192 995 329 1033; x_wconf 87' lang='lat' dir='ltr'>Horat.</span> <span class='ocrx_word' id='word_1_77' title='bbox 362 995 435 1045; x_wconf 89' lang='lat' dir='ltr'>Ep.</span> <span class='ocrx_word' id='word_1_78' title='bbox 468 996 504 1042; x_wconf 88' lang='lat' dir='ltr'>I,</span> <span class='ocrx_word' id='word_1_79' title='bbox 542 998 611 1042; x_wconf 63' lang='lat'>15,</span> <span class='ocrx_word' id='word_1_80' title='bbox 647 997 710 1033; x_wconf 81' lang='lat'>36.</span> <span class='ocrx_word' id='word_1_81' title='bbox 745 997 825 1034; x_wconf 89' lang='lat' dir='ltr'>alii.</span> <span class='ocrx_word' id='word_1_82' title='bbox 886 996 1045 1046; x_wconf 84' lang='lat' dir='ltr'>Duplici</span> <span class='ocrx_word' id='word_1_83' title='bbox 1079 1007 1113 1033; x_wconf 81' lang='lat' dir='ltr'>m</span> <span class='ocrx_word' id='word_1_84' title='bbox 1148 996 1377 1033; x_wconf 86' lang='lat' dir='ltr'>vocabulum</span> <span class='ocrx_word' id='word_1_85' title='bbox 1410 997 1597 1034; x_wconf 70' lang='lat' dir='ltr'>scribitur</span> <span class='ocrx_word' id='word_1_86' title='bbox 1628 997 1689 1034; x_wconf 84' lang='lat' dir='ltr'>hic</span> 
     </span>
     <span class='ocr_line' id='line_1_11' title="bbox 194 1063 1687 1114; baseline 0.001 -14"><span class='ocrx_word' id='word_1_87' title='bbox 194 1064 233 1100; x_wconf 89' lang='lat' dir='ltr'>in</span> <span class='ocrx_word' id='word_1_88' title='bbox 265 1063 348 1101; x_wconf 89' lang='lat' dir='ltr'>cod.</span> <span class='ocrx_word' id='word_1_89' title='bbox 381 1063 431 1110; x_wconf 89' lang='lat' dir='ltr'>B,</span> <span class='ocrx_word' id='word_1_90' title='bbox 473 1064 577 1113; x_wconf 88' lang='lat' dir='ltr'>apud</span> <span class='ocrx_word' id='word_1_91' title='bbox 608 1064 838 1101; x_wconf 84' lang='lat' dir='ltr'>Lucretium</span> <span class='ocrx_word' id='word_1_92' title='bbox 879 1065 1074 1114; x_wconf 84' lang='lat' dir='ltr'>aliosque,</span> <span class='ocrx_word' id='word_1_93' title='bbox 1115 1064 1194 1101; x_wconf 81' lang='lat' dir='ltr'>vid.</span> <span class='ocrx_word' id='word_1_94' title='bbox 1228 1064 1454 1101; x_wconf 81' lang='lat' dir='ltr'>Lachmann</span> <span class='ocrx_word' id='word_1_95' title='bbox 1494 1065 1542 1101; x_wconf 85' lang='lat' dir='ltr'>ad</span> <span class='ocrx_word' id='word_1_96' title='bbox 1572 1065 1687 1102; x_wconf 89' lang='lat' dir='ltr'>Lucr.</span> 
     </span>
     <span class='ocr_line' id='line_1_12' title="bbox 192 1128 1689 1182; baseline 0.001 -14"><span class='ocrx_word' id='word_1_97' title='bbox 192 1146 231 1182; x_wconf 88' lang='lat' dir='ltr'>p.</span> <span class='ocrx_word' id='word_1_98' title='bbox 258 1133 351 1169; x_wconf 76' lang='lat'>205.</span> <span class='ocrx_word' id='word_1_99' title='bbox 376 1151 432 1156; x_wconf 84' lang='lat'>—</span> <span class='ocrx_word' id='word_1_100' title='bbox 459 1132 551 1169; x_wconf 81' lang='lat'>544.</span> <span class='ocrx_word' id='word_1_101' title='bbox 584 1128 815 1178; x_wconf 56' lang='lat' dir='ltr'>„Nem-mm</span> <span class='ocrx_word' id='word_1_102' title='bbox 847 1134 902 1170; x_wconf 83' lang='lat' dir='ltr'>ait</span> <span class='ocrx_word' id='word_1_103' title='bbox 924 1133 1065 1170; x_wconf 89' lang='lat' dir='ltr'>Festus</span> <span class='ocrx_word' id='word_1_104' title='bbox 1093 1146 1130 1182; x_wconf 92' lang='lat' dir='ltr'>p.</span> <span class='ocrx_word' id='word_1_105' title='bbox 1162 1133 1237 1169; x_wconf 84' lang='lat'>165</span> <span class='ocrx_word' id='word_1_106' title='bbox 1277 1133 1543 1182; x_wconf 82' lang='lat' dir='ltr'>„appellamus</span> <span class='ocrx_word' id='word_1_107' title='bbox 1574 1134 1689 1170; x_wconf 84' lang='lat' dir='ltr'>etiam</span> 
     </span>
     <span class='ocr_line' id='line_1_13' title="bbox 193 1199 1688 1251; baseline 0.001 -15"><span class='ocrx_word' id='word_1_108' title='bbox 193 1199 363 1236; x_wconf 87' lang='lat' dir='ltr'>ferreum</span> <span class='ocrx_word' id='word_1_109' title='bbox 409 1199 624 1247; x_wconf 84' lang='lat' dir='ltr'>vinculum,</span> <span class='ocrx_word' id='word_1_110' title='bbox 675 1214 751 1250; x_wconf 85' lang='lat' dir='ltr'>quo</span> <span class='ocrx_word' id='word_1_111' title='bbox 798 1201 919 1251; x_wconf 87' lang='lat' dir='ltr'>pedes</span> <span class='ocrx_word' id='word_1_112' title='bbox 966 1200 1243 1250; x_wconf 78' lang='lat' dir='ltr'>inpediuntur,</span> <span class='ocrx_word' id='word_1_113' title='bbox 1291 1213 1525 1250; x_wconf 87' lang='lat' dir='ltr'>quamquam</span> <span class='ocrx_word' id='word_1_114' title='bbox 1572 1202 1688 1238; x_wconf 84' lang='lat' dir='ltr'>Plau-</span> 
     </span>
     <span class='ocr_line' id='line_1_14' title="bbox 191 1267 1691 1315; baseline 0.001 -10"><span class='ocrx_word' id='word_1_115' title='bbox 191 1272 255 1305; x_wconf 87' lang='lat' dir='ltr'>tus</span> <span class='ocrx_word' id='word_1_116' title='bbox 287 1281 332 1305; x_wconf 93' lang='lat' dir='ltr'>eo</span> <span class='ocrx_word' id='word_1_117' title='bbox 364 1268 481 1305; x_wconf 87' lang='lat' dir='ltr'>etiam</span> <span class='ocrx_word' id='word_1_118' title='bbox 513 1269 682 1305; x_wconf 85' lang='lat' dir='ltr'>cervices</span> <span class='ocrx_word' id='word_1_119' title='bbox 713 1269 853 1305; x_wconf 88' lang='lat' dir='ltr'>vinciri</span> <span class='ocrx_word' id='word_1_120' title='bbox 884 1267 980 1315; x_wconf 87' lang='lat' dir='ltr'>ait“,</span> <span class='ocrx_word' id='word_1_121' title='bbox 1015 1273 1086 1305; x_wconf 83' lang='lat' dir='ltr'>cet.</span> <span class='ocrx_word' id='word_1_122' title='bbox 1146 1267 1215 1305; x_wconf 91' lang='lat' dir='ltr'>Cui</span> <span class='ocrx_word' id='word_1_123' title='bbox 1249 1268 1295 1304; x_wconf 88' lang='lat' dir='ltr'>de</span> <span class='ocrx_word' id='word_1_124' title='bbox 1327 1269 1493 1305; x_wconf 84' lang='lat' dir='ltr'>materia</span> <span class='ocrx_word' id='word_1_125' title='bbox 1524 1282 1602 1306; x_wconf 86' lang='lat' dir='ltr'>non</span> <span class='ocrx_word' id='word_1_126' title='bbox 1633 1274 1691 1306; x_wconf 83' lang='lat' dir='ltr'>est</span> 
     </span>
     <span class='ocr_line' id='line_1_15' title="bbox 194 1335 1688 1386; baseline 0.001 -14"><span class='ocrx_word' id='word_1_127' title='bbox 194 1336 300 1386; x_wconf 87' lang='lat' dir='ltr'>quod</span> <span class='ocrx_word' id='word_1_128' title='bbox 331 1335 636 1386; x_wconf 86' lang='lat' dir='ltr'>adstipulemur,</span> <span class='ocrx_word' id='word_1_129' title='bbox 669 1350 704 1374; x_wconf 86' lang='lat' dir='ltr'>v.</span> <span class='ocrx_word' id='word_1_130' title='bbox 737 1336 892 1375; x_wconf 70' lang='lat' dir='ltr'>Cui-cul.</span> <span class='ocrx_word' id='word_1_131' title='bbox 927 1337 1025 1374; x_wconf 81' lang='lat'>685:</span> <span class='ocrx_word' id='word_1_132' title='bbox 1072 1341 1133 1383; x_wconf 79' lang='lat' dir='ltr'>„te</span> <span class='ocrx_word' id='word_1_133' title='bbox 1166 1350 1287 1373; x_wconf 89' lang='lat' dir='ltr'>neruo</span> <span class='ocrx_word' id='word_1_134' title='bbox 1318 1336 1512 1386; x_wconf 84' lang='lat' dir='ltr'>torquebo</span> <span class='ocrx_word' id='word_1_135' title='bbox 1553 1337 1688 1374; x_wconf 89' lang='lat' dir='ltr'>itidem</span> 
     </span>
     <span class='ocr_line' id='line_1_16' title="bbox 193 1401 1689 1455; baseline 0.001 -14"><span class='ocrx_word' id='word_1_136' title='bbox 193 1408 235 1442; x_wconf 94' lang='lat' dir='ltr'>ut</span> <span class='ocrx_word' id='word_1_137' title='bbox 276 1404 483 1454; x_wconf 74' lang='lat' dir='ltr'>catapultae</span> <span class='ocrx_word' id='word_1_138' title='bbox 523 1402 692 1441; x_wconf 77' lang='lat' dir='ltr'>solent“.</span> <span class='ocrx_word' id='word_1_139' title='bbox 725 1425 781 1429; x_wconf 77' lang='lat'>—</span> <span class='ocrx_word' id='word_1_140' title='bbox 816 1401 1061 1452; x_wconf 53' lang='lat' dir='ltr'>„McmeIstU‘</span> <span class='ocrx_word' id='word_1_141' title='bbox 1099 1406 1153 1441; x_wconf 86' lang='lat' dir='ltr'>ait</span> <span class='ocrx_word' id='word_1_142' title='bbox 1185 1405 1325 1441; x_wconf 78' lang='lat' dir='ltr'>Festus</span> <span class='ocrx_word' id='word_1_143' title='bbox 1355 1419 1393 1455; x_wconf 86' lang='lat' dir='ltr'>p.</span> <span class='ocrx_word' id='word_1_144' title='bbox 1432 1406 1506 1441; x_wconf 65' lang='lat'>1755</span> <span class='ocrx_word' id='word_1_145' title='bbox 1545 1419 1689 1455; x_wconf 84' lang='lat' dir='ltr'>„genus</span> 
     </span>
     <span class='ocr_line' id='line_1_17' title="bbox 196 1472 1688 1523; baseline 0.001 -14"><span class='ocrx_word' id='word_1_146' title='bbox 196 1472 355 1519; x_wconf 81' lang='lat' dir='ltr'>vinculi,</span> <span class='ocrx_word' id='word_1_147' title='bbox 390 1485 466 1521; x_wconf 83' lang='lat' dir='ltr'>quo</span> <span class='ocrx_word' id='word_1_148' title='bbox 498 1472 774 1523; x_wconf 80' lang='lat' dir='ltr'>quadrupedes</span> <span class='ocrx_word' id='word_1_149' title='bbox 805 1472 1049 1522; x_wconf 75' lang='lat' dir='ltr'>deligantur,</span> <span class='ocrx_word' id='word_1_150' title='bbox 1089 1472 1189 1509; x_wconf 88' lang='lat' dir='ltr'>solet</span> <span class='ocrx_word' id='word_1_151' title='bbox 1219 1476 1349 1509; x_wconf 85' lang='lat' dir='ltr'>autem</span> <span class='ocrx_word' id='word_1_152' title='bbox 1381 1487 1425 1510; x_wconf 86' lang='lat' dir='ltr'>ea</span> <span class='ocrx_word' id='word_1_153' title='bbox 1456 1472 1539 1509; x_wconf 88' lang='lat' dir='ltr'>fieri</span> <span class='ocrx_word' id='word_1_154' title='bbox 1570 1487 1688 1510; x_wconf 85' lang='lat' dir='ltr'>nervo</span> 
     </span>
     <span class='ocr_line' id='line_1_18' title="bbox 195 1538 1688 1590; baseline 0.001 -13"><span class='ocrx_word' id='word_1_155' title='bbox 195 1544 262 1578; x_wconf 86' lang='lat' dir='ltr'>aut</span> <span class='ocrx_word' id='word_1_156' title='bbox 292 1541 396 1577; x_wconf 88' lang='lat' dir='ltr'>corio</span> <span class='ocrx_word' id='word_1_157' title='bbox 428 1540 547 1577; x_wconf 86' lang='lat' dir='ltr'>crudo</span> <span class='ocrx_word' id='word_1_158' title='bbox 585 1538 736 1588; x_wconf 81' lang='lat' dir='ltr'>bovis“,</span> <span class='ocrx_word' id='word_1_159' title='bbox 779 1544 817 1578; x_wconf 89' lang='lat' dir='ltr'>et</span> <span class='ocrx_word' id='word_1_160' title='bbox 854 1541 932 1578; x_wconf 88' lang='lat' dir='ltr'>tale</span> <span class='ocrx_word' id='word_1_161' title='bbox 973 1544 1300 1578; x_wconf 85' lang='lat' dir='ltr'>commemoratur</span> <span class='ocrx_word' id='word_1_162' title='bbox 1338 1541 1441 1590; x_wconf 83' lang='lat' dir='ltr'>apud</span> <span class='ocrx_word' id='word_1_163' title='bbox 1472 1541 1688 1578; x_wconf 85' lang='lat' dir='ltr'>Varronem</span> 
     </span>
     <span class='ocr_line' id='line_1_19' title="bbox 194 1608 1690 1658; baseline 0.001 -13"><span class='ocrx_word' id='word_1_164' title='bbox 194 1611 231 1645; x_wconf 85' lang='lat' dir='ltr'>et</span> <span class='ocrx_word' id='word_1_165' title='bbox 265 1608 530 1646; x_wconf 81' lang='lat' dir='ltr'>Columellam.</span> <span class='ocrx_word' id='word_1_166' title='bbox 588 1609 743 1646; x_wconf 82' lang='lat' dir='ltr'>Minore</span> <span class='ocrx_word' id='word_1_167' title='bbox 775 1608 850 1646; x_wconf 81' lang='lat' dir='ltr'>fide</span> <span class='ocrx_word' id='word_1_168' title='bbox 883 1608 1024 1657; x_wconf 82' lang='lat' dir='ltr'>dignus</span> <span class='ocrx_word' id='word_1_169' title='bbox 1056 1612 1113 1646; x_wconf 71' lang='lat' dir='ltr'>est</span> <span class='ocrx_word' id='word_1_170' title='bbox 1144 1608 1309 1655; x_wconf 82' lang='lat' dir='ltr'>Nonius,</span> <span class='ocrx_word' id='word_1_171' title='bbox 1342 1622 1378 1658; x_wconf 88' lang='lat' dir='ltr'>p.</span> <span class='ocrx_word' id='word_1_172' title='bbox 1419 1610 1506 1656; x_wconf 78' lang='grc'>144,</span> <span class='ocrx_word' id='word_1_173' title='bbox 1541 1610 1601 1646; x_wconf 90' lang='lat' dir='ltr'>cui</span> <span class='ocrx_word' id='word_1_174' title='bbox 1632 1614 1690 1647; x_wconf 84' lang='lat' dir='ltr'>est</span> 
     </span>
     <span class='ocr_line' id='line_1_20' title="bbox 198 1674 1689 1726; baseline 0.001 -13"><span class='ocrx_word' id='word_1_175' title='bbox 198 1677 412 1725; x_wconf 76' lang='lat' dir='ltr'>„machinae</span> <span class='ocrx_word' id='word_1_176' title='bbox 451 1688 591 1725; x_wconf 83' lang='lat' dir='ltr'>genus,</span> <span class='ocrx_word' id='word_1_177' title='bbox 634 1690 710 1726; x_wconf 87' lang='lat' dir='ltr'>quo</span> <span class='ocrx_word' id='word_1_178' title='bbox 751 1680 789 1713; x_wconf 85' lang='lat' dir='ltr'>et</span> <span class='ocrx_word' id='word_1_179' title='bbox 829 1677 972 1714; x_wconf 89' lang='lat' dir='ltr'>collum</span> <span class='ocrx_word' id='word_1_180' title='bbox 1012 1681 1050 1713; x_wconf 83' lang='lat' dir='ltr'>et</span> <span class='ocrx_word' id='word_1_181' title='bbox 1089 1677 1208 1726; x_wconf 83' lang='lat' dir='ltr'>pedes</span> <span class='ocrx_word' id='word_1_182' title='bbox 1246 1674 1499 1714; x_wconf 80' lang='lat' dir='ltr'>immittunt“.</span> <span class='ocrx_word' id='word_1_183' title='bbox 1562 1677 1689 1714; x_wconf 87' lang='lat' dir='ltr'>Affert</span> 
     </span>
     <span class='ocr_line' id='line_1_21' title="bbox 193 1745 1689 1795; baseline 0.001 -14"><span class='ocrx_word' id='word_1_184' title='bbox 193 1745 296 1782; x_wconf 84' lang='lat' dir='ltr'>hunc</span> <span class='ocrx_word' id='word_1_185' title='bbox 327 1758 482 1781; x_wconf 83' lang='lat' dir='ltr'>versum</span> <span class='ocrx_word' id='word_1_186' title='bbox 514 1754 715 1782; x_wconf 69' lang='lat' dir='ltr'>carcerem</span> <span class='ocrx_word' id='word_1_187' title='bbox 748 1745 932 1792; x_wconf 85' lang='lat' dir='ltr'>scribens,</span> <span class='ocrx_word' id='word_1_188' title='bbox 966 1745 1070 1794; x_wconf 80' lang='lat' dir='ltr'>quod</span> <span class='ocrx_word' id='word_1_189' title='bbox 1104 1746 1234 1795; x_wconf 78' lang='lat' dir='ltr'>aptius</span> <span class='ocrx_word' id='word_1_190' title='bbox 1267 1758 1360 1781; x_wconf 83' lang='lat' dir='ltr'>sane</span> <span class='ocrx_word' id='word_1_191' title='bbox 1391 1745 1548 1782; x_wconf 81' lang='lat' dir='ltr'>videtur</span> <span class='ocrx_word' id='word_1_192' title='bbox 1574 1759 1689 1794; x_wconf 85' lang='lat' dir='ltr'>quam</span> 
     </span>
     <span class='ocr_line' id='line_1_22' title="bbox 195 1812 1688 1863; baseline 0.001 -14"><span class='ocrx_word' id='word_1_193' title='bbox 195 1812 298 1862; x_wconf 83' lang='lat' dir='ltr'>quod</span> <span class='ocrx_word' id='word_1_194' title='bbox 338 1812 455 1863; x_wconf 84' lang='lat' dir='ltr'>vulgo</span> <span class='ocrx_word' id='word_1_195' title='bbox 499 1813 619 1850; x_wconf 85' lang='lat' dir='ltr'>edunt</span> <span class='ocrx_word' id='word_1_196' title='bbox 668 1812 906 1859; x_wconf 82' lang='lat' dir='ltr'>„carce1·es“,</span> <span class='ocrx_word' id='word_1_197' title='bbox 957 1815 1016 1850; x_wconf 83' lang='lat' dir='ltr'>cui</span> <span class='ocrx_word' id='word_1_198' title='bbox 1061 1813 1305 1863; x_wconf 75' lang='lat' dir='ltr'>praetulerim</span> <span class='ocrx_word' id='word_1_199' title='bbox 1351 1813 1451 1860; x_wconf 78' lang='lat' dir='ltr'>fere,</span> <span class='ocrx_word' id='word_1_200' title='bbox 1501 1813 1605 1862; x_wconf 78' lang='lat' dir='ltr'>quod</span> <span class='ocrx_word' id='word_1_201' title='bbox 1650 1815 1688 1850; x_wconf 89' lang='lat' dir='ltr'>in</span> 
     </span>
     <span class='ocr_line' id='line_1_23' title="bbox 195 1877 1686 1932; baseline 0 -14"><span class='ocrx_word' id='word_1_202' title='bbox 195 1880 277 1918; x_wconf 85' lang='lat' dir='ltr'>cod.</span> <span class='ocrx_word' id='word_1_203' title='bbox 304 1880 334 1917; x_wconf 87' lang='lat' dir='ltr'>B</span> <span class='ocrx_word' id='word_1_204' title='bbox 367 1884 436 1927; x_wconf 86' lang='lat' dir='ltr'>est,</span> <span class='ocrx_word' id='word_1_205' title='bbox 474 1879 706 1928; x_wconf 85' lang='lat' dir='ltr'>,‚carceris“,</span> <span class='ocrx_word' id='word_1_206' title='bbox 731 1882 913 1931; x_wconf 84' lang='lat' dir='ltr'>genetivo</span> <span class='ocrx_word' id='word_1_207' title='bbox 939 1882 1158 1931; x_wconf 87' lang='lat' dir='ltr'>singularis.</span> <span class='ocrx_word' id='word_1_208' title='bbox 1184 1901 1239 1905; x_wconf 82' lang='lat'><strong>—</strong></span> <span class='ocrx_word' id='word_1_209' title='bbox 1268 1877 1467 1928; x_wconf 69' lang='lat' dir='ltr'>,‚B07&#39;(c(e“,</span> <span class='ocrx_word' id='word_1_210' title='bbox 1501 1884 1557 1918; x_wconf 81' lang='lat' dir='ltr'>ait</span> <span class='ocrx_word' id='word_1_211' title='bbox 1579 1881 1686 1932; x_wconf 88' lang='lat' dir='ltr'>Epit.</span> 
     </span>
     <span class='ocr_line' id='line_1_24' title="bbox 192 1948 1688 1999; baseline 0.002 -14"><span class='ocrx_word' id='word_1_212' title='bbox 192 1948 301 1985; x_wconf 84' lang='lat' dir='ltr'>Festi</span> <span class='ocrx_word' id='word_1_213' title='bbox 332 1962 369 1998; x_wconf 90' lang='lat' dir='ltr'>p.</span> <span class='ocrx_word' id='word_1_214' title='bbox 406 1950 475 1986; x_wconf 80' lang='lat'>35:</span> <span class='ocrx_word' id='word_1_215' title='bbox 525 1950 571 1996; x_wconf 92' lang='lat' dir='ltr'>„i.</span> <span class='ocrx_word' id='word_1_216' title='bbox 605 1962 636 1986; x_wconf 90' lang='lat' dir='ltr'>e.</span> <span class='ocrx_word' id='word_1_217' title='bbox 670 1963 791 1999; x_wconf 85' lang='lat' dir='ltr'>genus</span> <span class='ocrx_word' id='word_1_218' title='bbox 822 1950 1086 1996; x_wconf 84' lang='lat' dir='ltr'>vinculorum,</span> <span class='ocrx_word' id='word_1_219' title='bbox 1126 1953 1204 1986; x_wconf 83' lang='lat' dir='ltr'>tani</span> <span class='ocrx_word' id='word_1_220' title='bbox 1237 1950 1376 1998; x_wconf 79' lang='lat' dir='ltr'>ligneae</span> <span class='ocrx_word' id='word_1_221' title='bbox 1408 1963 1523 1999; x_wconf 77' lang='lat' dir='ltr'>quam</span> <span class='ocrx_word' id='word_1_222' title='bbox 1553 1950 1688 1988; x_wconf 86' lang='lat' dir='ltr'>ferreae</span> 
     </span>
     <span class='ocr_line' id='line_1_25' title="bbox 194 2014 1690 2068; baseline 0.001 -15"><span class='ocrx_word' id='word_1_223' title='bbox 194 2014 417 2054; x_wconf 41' lang='lat' dir='ltr'>dicuntur&amp;</span> <span class='ocrx_word' id='word_1_224' title='bbox 451 2016 497 2053; x_wconf 87' lang='lat' dir='ltr'>cf.</span> <span class='ocrx_word' id='word_1_225' title='bbox 525 2015 637 2067; x_wconf 86' lang='lat' dir='ltr'>Capt.</span> <span class='ocrx_word' id='word_1_226' title='bbox 666 2018 758 2055; x_wconf 73' lang='lat'>880.</span> <span class='ocrx_word' id='word_1_227' title='bbox 785 2038 839 2042; x_wconf 79' lang='lat'><strong>—</strong></span> <span class='ocrx_word' id='word_1_228' title='bbox 872 2019 962 2055; x_wconf 83' lang='lat'>545.</span> <span class='ocrx_word' id='word_1_229' title='bbox 997 2015 1235 2055; x_wconf 53' lang='lat' dir='ltr'>Imbriomzs&#39;</span> <span class='ocrx_word' id='word_1_230' title='bbox 1266 2018 1360 2054; x_wconf 86' lang='lat' dir='ltr'>nihil</span> <span class='ocrx_word' id='word_1_231' title='bbox 1394 2021 1461 2054; x_wconf 83' lang='lat' dir='ltr'>est.</span> <span class='ocrx_word' id='word_1_232' title='bbox 1512 2019 1690 2068; x_wconf 79' lang='lat' dir='ltr'>Apparet-</span> 
     </span>
     <span class='ocr_line' id='line_1_26' title="bbox 194 2083 1687 2135; baseline 0 -14"><span class='ocrx_word' id='word_1_233' title='bbox 194 2083 404 2134; x_wconf 81' lang='lat' dir='ltr'>significari</span> <span class='ocrx_word' id='word_1_234' title='bbox 435 2084 600 2122; x_wconf 86' lang='lat' dir='ltr'>lorarios</span> <span class='ocrx_word' id='word_1_235' title='bbox 632 2084 911 2135; x_wconf 83' lang='lat' dir='ltr'>carnificesque</span> <span class='ocrx_word' id='word_1_236' title='bbox 944 2086 991 2123; x_wconf 79' lang='lat' dir='ltr'>ad</span> <span class='ocrx_word' id='word_1_237' title='bbox 1024 2086 1262 2135; x_wconf 68' lang='lat' dir='ltr'>puniendum</span> <span class='ocrx_word' id='word_1_238' title='bbox 1298 2100 1416 2122; x_wconf 67' lang='lat' dir='ltr'>acres.</span> <span class='ocrx_word' id='word_1_239' title='bbox 1478 2085 1687 2122; x_wconf 78' lang='lat' dir='ltr'>Camerarii</span> 
     </span>
     <span class='ocr_line' id='line_1_27' title="bbox 192 2152 1687 2204; baseline 0.001 -15"><span class='ocrx_word' id='word_1_240' title='bbox 192 2152 407 2190; x_wconf 86' lang='lat' dir='ltr'>hariolatio</span> <span class='ocrx_word' id='word_1_241' title='bbox 444 2152 725 2200; x_wconf 73' lang='lat' dir='ltr'>„incloctores‘&#39;&#39;</span> <span class='ocrx_word' id='word_1_242' title='bbox 760 2154 999 2191; x_wconf 81' lang='lat' dir='ltr'>refutatione</span> <span class='ocrx_word' id='word_1_243' title='bbox 1027 2169 1101 2190; x_wconf 85' lang='lat' dir='ltr'>non</span> <span class='ocrx_word' id='word_1_244' title='bbox 1134 2158 1238 2204; x_wconf 73' lang='lat' dir='ltr'>eget,</span> <span class='ocrx_word' id='word_1_245' title='bbox 1273 2154 1493 2191; x_wconf 84' lang='lat' dir='ltr'>Gronovius</span> <span class='ocrx_word' id='word_1_246' title='bbox 1530 2153 1687 2200; x_wconf 84' lang='lat' dir='ltr'>„induc-</span> 
     </span>
     <span class='ocr_line' id='line_1_28' title="bbox 193 2219 1684 2271; baseline -0.001 -12"><span class='ocrx_word' id='word_1_247' title='bbox 193 2219 323 2259; x_wconf 83' lang='lat' dir='ltr'>tores“</span> <span class='ocrx_word' id='word_1_248' title='bbox 360 2221 528 2271; x_wconf 86' lang='lat' dir='ltr'>scripsit,</span> <span class='ocrx_word' id='word_1_249' title='bbox 563 2221 670 2270; x_wconf 84' lang='lat' dir='ltr'>quod</span> <span class='ocrx_word' id='word_1_250' title='bbox 694 2235 808 2258; x_wconf 90' lang='lat' dir='ltr'>nemo</span> <span class='ocrx_word' id='word_1_251' title='bbox 833 2221 1040 2271; x_wconf 83' lang='lat' dir='ltr'>intelliget,</span> <span class='ocrx_word' id='word_1_252' title='bbox 1067 2223 1141 2259; x_wconf 88' lang='lat' dir='ltr'>nisi</span> <span class='ocrx_word' id='word_1_253' title='bbox 1168 2222 1267 2258; x_wconf 87' lang='lat' dir='ltr'>forte</span> <span class='ocrx_word' id='word_1_254' title='bbox 1292 2222 1391 2258; x_wconf 83' lang='lat' dir='ltr'>lecta</span> <span class='ocrx_word' id='word_1_255' title='bbox 1419 2222 1684 2259; x_wconf 74' lang='lat' dir='ltr'>enarratione:</span> 
     </span>
     <span class='ocr_line' id='line_1_29' title="bbox 200 2289 1687 2339; baseline -0.001 -13"><span class='ocrx_word' id='word_1_256' title='bbox 200 2289 271 2337; x_wconf 82' lang='lat' dir='ltr'>„ab</span> <span class='ocrx_word' id='word_1_257' title='bbox 302 2289 400 2335; x_wconf 91' lang='lat' dir='ltr'>illis,</span> <span class='ocrx_word' id='word_1_258' title='bbox 434 2289 500 2338; x_wconf 86' lang='lat' dir='ltr'>qui</span> <span class='ocrx_word' id='word_1_259' title='bbox 531 2289 696 2326; x_wconf 86' lang='lat' dir='ltr'>tectorio</span> <span class='ocrx_word' id='word_1_260' title='bbox 728 2290 922 2339; x_wconf 87' lang='lat' dir='ltr'>parietem</span> <span class='ocrx_word' id='word_1_261' title='bbox 961 2289 1171 2335; x_wconf 80' lang='lat' dir='ltr'>inducunt,</span> <span class='ocrx_word' id='word_1_262' title='bbox 1205 2290 1258 2326; x_wconf 90' lang='lat' dir='ltr'>sic</span> <span class='ocrx_word' id='word_1_263' title='bbox 1291 2290 1391 2326; x_wconf 86' lang='lat' dir='ltr'>enim</span> <span class='ocrx_word' id='word_1_264' title='bbox 1422 2289 1547 2326; x_wconf 84' lang='lat' dir='ltr'>livore</span> <span class='ocrx_word' id='word_1_265' title='bbox 1580 2289 1687 2326; x_wconf 85' lang='lat' dir='ltr'>caesis</span> 
     </span>
     <span class='ocr_line' id='line_1_30' title="bbox 194 2355 1687 2406; baseline -0.001 -11"><span class='ocrx_word' id='word_1_266' title='bbox 194 2357 454 2395; x_wconf 86' lang='lat' dir='ltr'>inducebatur</span> <span class='ocrx_word' id='word_1_267' title='bbox 498 2355 692 2406; x_wconf 84' lang='lat' dir='ltr'>tergum“,</span> <span class='ocrx_word' id='word_1_268' title='bbox 741 2357 826 2393; x_wconf 89' lang='lat' dir='ltr'>coll.</span> <span class='ocrx_word' id='word_1_269' title='bbox 867 2357 967 2394; x_wconf 87' lang='lat' dir='ltr'>Rud.</span> <span class='ocrx_word' id='word_1_270' title='bbox 1006 2359 1133 2394; x_wconf 78' lang='lat'>1000:</span> <span class='ocrx_word' id='word_1_271' title='bbox 1187 2357 1299 2403; x_wconf 81' lang='lat' dir='ltr'>„Fiet</span> <span class='ocrx_word' id='word_1_272' title='bbox 1344 2357 1414 2394; x_wconf 85' lang='lat' dir='ltr'>tibi</span> <span class='ocrx_word' id='word_1_273' title='bbox 1457 2358 1687 2405; x_wconf 69' lang='lat' dir='ltr'>poeniceum</span> 
     </span>
     <span class='ocr_line' id='line_1_31' title="bbox 195 2423 1686 2475; baseline -0.001 -12"><span class='ocrx_word' id='word_1_274' title='bbox 195 2426 361 2472; x_wconf 86' lang='lat' dir='ltr'>corium,</span> <span class='ocrx_word' id='word_1_275' title='bbox 395 2428 534 2475; x_wconf 84' lang='lat' dir='ltr'>postea</span> <span class='ocrx_word' id='word_1_276' title='bbox 567 2428 695 2462; x_wconf 86' lang='lat' dir='ltr'>atrum</span> <span class='ocrx_word' id='word_1_277' title='bbox 729 2423 898 2462; x_wconf 84' lang='lat' dir='ltr'>denu0“.</span> <span class='ocrx_word' id='word_1_278' title='bbox 960 2424 1126 2461; x_wconf 81' lang='lat' dir='ltr'>Videtur</span> <span class='ocrx_word' id='word_1_279' title='bbox 1162 2425 1279 2462; x_wconf 84' lang='lat' dir='ltr'>fuisse</span> <span class='ocrx_word' id='word_1_280' title='bbox 1313 2423 1563 2473; x_wconf 54' lang='grc' dir='ltr'>κἰψαςΐονιις,</span> <span class='ocrx_word' id='word_1_281' title='bbox 1596 2426 1620 2461; x_wconf 91' lang='lat' dir='ltr'>i.</span> <span class='ocrx_word' id='word_1_282' title='bbox 1656 2438 1686 2461; x_wconf 80' lang='lat' dir='ltr'>e.</span> 
     </span>
     <span class='ocr_line' id='line_1_32' title="bbox 194 2492 1687 2543; baseline -0.001 -13"><span class='ocrx_word' id='word_1_283' title='bbox 194 2494 261 2543; x_wconf 77' lang='lat' dir='ltr'>qui</span> <span class='ocrx_word' id='word_1_284' title='bbox 293 2492 497 2543; x_wconf 86' lang='lat' dir='ltr'>compedes</span> <span class='ocrx_word' id='word_1_285' title='bbox 529 2493 758 2542; x_wconf 82' lang='lat' dir='ltr'>inpingunt‚</span> <span class='ocrx_word' id='word_1_286' title='bbox 798 2497 842 2530; x_wconf 88' lang='lat' dir='ltr'>ut</span> <span class='ocrx_word' id='word_1_287' title='bbox 873 2496 932 2530; x_wconf 90' lang='lat' dir='ltr'>est</span> <span class='ocrx_word' id='word_1_288' title='bbox 963 2493 1073 2542; x_wconf 82' lang='lat' dir='ltr'>Capt.</span> <span class='ocrx_word' id='word_1_289' title='bbox 1109 2495 1200 2530; x_wconf 74' lang='lat'>727.</span> <span class='ocrx_word' id='word_1_290' title='bbox 1248 2492 1354 2530; x_wconf 89' lang='lat' dir='ltr'>Pers.</span> <span class='ocrx_word' id='word_1_291' title='bbox 1390 2494 1487 2539; x_wconf 79' lang='lat'>572,</span> <span class='ocrx_word' id='word_1_292' title='bbox 1522 2496 1589 2530; x_wconf 80' lang='lat' dir='ltr'>aut</span> <span class='ocrx_word' id='word_1_293' title='bbox 1621 2494 1687 2542; x_wconf 82' lang='lat' dir='ltr'>qui</span> 
     </span>
     <span class='ocr_line' id='line_1_33' title="bbox 194 2560 1688 2611; baseline 0 -13"><span class='ocrx_word' id='word_1_294' title='bbox 194 2562 338 2598; x_wconf 86' lang='lat' dir='ltr'>fustem</span> <span class='ocrx_word' id='word_1_295' title='bbox 376 2560 619 2611; x_wconf 85' lang='lat' dir='ltr'>impingunt,</span> <span class='ocrx_word' id='word_1_296' title='bbox 656 2563 701 2597; x_wconf 88' lang='lat' dir='ltr'>ut</span> <span class='ocrx_word' id='word_1_297' title='bbox 733 2561 789 2597; x_wconf 87' lang='lat' dir='ltr'>ait</span> <span class='ocrx_word' id='word_1_298' title='bbox 821 2560 962 2598; x_wconf 86' lang='lat' dir='ltr'>Coelius</span> <span class='ocrx_word' id='word_1_299' title='bbox 999 2560 1047 2597; x_wconf 84' lang='lat' dir='ltr'>ad</span> <span class='ocrx_word' id='word_1_300' title='bbox 1080 2560 1201 2598; x_wconf 86' lang='lat' dir='ltr'>Cicer.</span> <span class='ocrx_word' id='word_1_301' title='bbox 1234 2560 1306 2611; x_wconf 85' lang='lat' dir='ltr'>Ep.</span> <span class='ocrx_word' id='word_1_302' title='bbox 1341 2560 1452 2608; x_wconf 89' lang='lat' dir='ltr'>VIII,</span> <span class='ocrx_word' id='word_1_303' title='bbox 1488 2563 1529 2608; x_wconf 73' lang='lat' dir='ltr'>S,</span> <span class='ocrx_word' id='word_1_304' title='bbox 1565 2562 1600 2598; x_wconf 81' lang='lat'>9.</span> <span class='ocrx_word' id='word_1_305' title='bbox 1633 2580 1688 2585; x_wconf 85' lang='lat'>—</span> 
     </span>
     <span class='ocr_line' id='line_1_34' title="bbox 191 2626 1687 2679; baseline -0.002 -12"><span class='ocrx_word' id='word_1_306' title='bbox 191 2639 348 2679; x_wconf 58' lang='lat' dir='ltr'>{lustros</span> <span class='ocrx_word' id='word_1_307' title='bbox 380 2627 514 2666; x_wconf 69' lang='lat' dir='ltr'>nostres</span> <span class='ocrx_word' id='word_1_308' title='bbox 547 2626 660 2679; x_wconf 67' lang='lat' dir='ltr'>tcrffl&#39;,</span> <span class='ocrx_word' id='word_1_309' title='bbox 694 2628 760 2677; x_wconf 83' lang='lat' dir='ltr'>qui</span> <span class='ocrx_word' id='word_1_310' title='bbox 792 2643 862 2666; x_wconf 90' lang='lat' dir='ltr'>nos</span> <span class='ocrx_word' id='word_1_311' title='bbox 895 2641 997 2679; x_wconf 89' lang='lat' dir='ltr'>saepe</span> <span class='ocrx_word' id='word_1_312' title='bbox 1029 2628 1350 2666; x_wconf 83' lang='lat' dir='ltr'>verberaverunt.</span> <span class='ocrx_word' id='word_1_313' title='bbox 1383 2649 1438 2654; x_wconf 79' lang='lat'>-—-</span> <span class='ocrx_word' id='word_1_314' title='bbox 1472 2630 1563 2665; x_wconf 77' lang='lat'>546.</span> <span class='ocrx_word' id='word_1_315' title='bbox 1591 2628 1687 2666; x_wconf 86' lang='lat' dir='ltr'>Ver-</span> 
     </span>
     <span class='ocr_line' id='line_1_35' title="bbox 194 2695 1687 2747; baseline -0.002 -12"><span class='ocrx_word' id='word_1_316' title='bbox 194 2711 277 2735; x_wconf 88' lang='lat' dir='ltr'>sum</span> <span class='ocrx_word' id='word_1_317' title='bbox 310 2697 481 2734; x_wconf 88' lang='lat' dir='ltr'>numeris</span> <span class='ocrx_word' id='word_1_318' title='bbox 513 2696 743 2734; x_wconf 85' lang='lat' dir='ltr'>destitutum</span> <span class='ocrx_word' id='word_1_319' title='bbox 766 2709 838 2747; x_wconf 91' lang='lat' dir='ltr'>pro</span> <span class='ocrx_word' id='word_1_320' title='bbox 862 2697 1215 2747; x_wconf 81' lang='lat' dir='ltr'>interpretamento</span> <span class='ocrx_word' id='word_1_321' title='bbox 1241 2696 1487 2733; x_wconf 78' lang='lat' dir='ltr'>antecedenti</span> <span class='ocrx_word' id='word_1_322' title='bbox 1514 2695 1687 2745; x_wconf 86' lang='lat' dir='ltr'>adscrip-</span> 
     </span>
     <span class='ocr_line' id='line_1_36' title="bbox 192 2759 1683 2815; baseline -0.001 -14"><span class='ocrx_word' id='word_1_323' title='bbox 192 2768 276 2802; x_wconf 87' lang='lat' dir='ltr'>tum</span> <span class='ocrx_word' id='word_1_324' title='bbox 307 2764 447 2802; x_wconf 87' lang='lat' dir='ltr'>habuit</span> <span class='ocrx_word' id='word_1_325' title='bbox 470 2764 654 2810; x_wconf 84' lang='lat' dir='ltr'>Bothius,</span> <span class='ocrx_word' id='word_1_326' title='bbox 686 2764 798 2815; x_wconf 87' lang='lat' dir='ltr'>prob.</span> <span class='ocrx_word' id='word_1_327' title='bbox 823 2763 882 2801; x_wconf 89' lang='lat' dir='ltr'>Fl.</span> <span class='ocrx_word' id='word_1_328' title='bbox 912 2785 960 2789; x_wconf 97' lang='lat'><strong>—</strong></span> <span class='ocrx_word' id='word_1_329' title='bbox 991 2765 1082 2803; x_wconf 76' lang='lat'>548.</span> <span class='ocrx_word' id='word_1_330' title='bbox 1116 2759 1168 2803; x_wconf 73' lang='lat' dir='ltr'>Ui</span> <span class='ocrx_word' id='word_1_331' title='bbox 1193 2762 1438 2814; x_wconf 69' lang='lat' dir='ltr'>pzcfflzcmdo,</span> <span class='ocrx_word' id='word_1_332' title='bbox 1472 2764 1518 2801; x_wconf 90' lang='lat' dir='ltr'>cf.</span> <span class='ocrx_word' id='word_1_333' title='bbox 1542 2764 1683 2814; x_wconf 87' lang='lat' dir='ltr'>Amph.</span> 
     </span>
     <span class='ocr_line' id='line_1_37' title="bbox 195 2832 1686 2883; baseline -0.001 -13"><span class='ocrx_word' id='word_1_334' title='bbox 195 2833 289 2871; x_wconf 82' lang='lat'>410.</span> <span class='ocrx_word' id='word_1_335' title='bbox 334 2832 577 2879; x_wconf 89' lang='lat' dir='ltr'>Fleckeisen,</span> <span class='ocrx_word' id='word_1_336' title='bbox 611 2833 678 2883; x_wconf 83' lang='lat' dir='ltr'>qui</span> <span class='ocrx_word' id='word_1_337' title='bbox 709 2833 748 2870; x_wconf 91' lang='lat' dir='ltr'>in</span> <span class='ocrx_word' id='word_1_338' title='bbox 780 2832 952 2870; x_wconf 87' lang='lat' dir='ltr'>editione</span> <span class='ocrx_word' id='word_1_339' title='bbox 977 2833 1151 2870; x_wconf 86' lang='lat' dir='ltr'>ordinem</span> <span class='ocrx_word' id='word_1_340' title='bbox 1177 2832 1385 2870; x_wconf 83' lang='lat' dir='ltr'>verborum</span> <span class='ocrx_word' id='word_1_341' title='bbox 1413 2833 1585 2878; x_wconf 79' lang='lat' dir='ltr'>invertit,</span> <span class='ocrx_word' id='word_1_342' title='bbox 1612 2832 1686 2868; x_wconf 87' lang='lat' dir='ltr'>hoc</span> 
     </span>
     <span class='ocr_line' id='line_1_38' title="bbox 194 2897 1686 2952; baseline -0.001 -15"><span class='ocrx_word' id='word_1_343' title='bbox 194 2901 277 2950; x_wconf 90' lang='lat' dir='ltr'>ipse</span> <span class='ocrx_word' id='word_1_344' title='bbox 309 2903 447 2951; x_wconf 83' lang='lat' dir='ltr'>postea</span> <span class='ocrx_word' id='word_1_345' title='bbox 478 2900 728 2951; x_wconf 82' lang='lat' dir='ltr'>improbavit,</span> <span class='ocrx_word' id='word_1_346' title='bbox 761 2901 861 2939; x_wconf 87' lang='lat' dir='ltr'>Ann.</span> <span class='ocrx_word' id='word_1_347' title='bbox 895 2901 990 2952; x_wconf 88' lang='lat' dir='ltr'>phil.</span> <span class='ocrx_word' id='word_1_348' title='bbox 1023 2900 1146 2948; x_wconf 92' lang='lat' dir='ltr'>CVII,</span> <span class='ocrx_word' id='word_1_349' title='bbox 1178 2914 1215 2950; x_wconf 89' lang='lat' dir='ltr'>p.</span> <span class='ocrx_word' id='word_1_350' title='bbox 1253 2902 1344 2937; x_wconf 76' lang='lat'>502.</span> <span class='ocrx_word' id='word_1_351' title='bbox 1377 2919 1431 2924; x_wconf 74' lang='lat'>—</span> <span class='ocrx_word' id='word_1_352' title='bbox 1461 2897 1585 2949; x_wconf 60' lang='lat' dir='ltr'>fassas:</span> <span class='ocrx_word' id='word_1_353' title='bbox 1614 2912 1686 2949; x_wconf 89' lang='lat' dir='ltr'>pro</span> 
     </span>
     <span class='ocr_line' id='line_1_39' title="bbox 1348 2974 1412 3009; baseline 0 0"><span class='ocrx_word' id='word_1_354' title='bbox 1348 2974 1412 3009; x_wconf 84' lang='lat'>26*</span> 
     </span>
    </p>
   </div>
  </div>
 </body>
</html>
