1926 3275
279 306 298 344 1
309 305 357 344 12
965 297 1089 332 Plauti
1517 296 1583 340 HI,
1597 298 1628 340 2,
1641 297 1778 331 33—44

911 422 1144 464 Libanus

275 498 457 552 Argenti
486 496 643 551 uiginti
672 496 811 537 minas
841 493 1064 536 habesne?

911 564 1147 606 Leonida

1084 635 1326 676 Hariolare.

275 711 444 766 Edepol
474 724 621 753 senem
650 709 966 750 Demaenetum
995 707 1188 761 lepidum
1216 705 1349 748 fuisse
1379 705 1526 759 nobis;

276 782 335 824 Ut
365 781 657 824 adsimulabat
689 779 898 821 Sauream
928 793 996 820 me
1028 793 1134 830 esse,
1167 791 1299 832 quam
1328 776 1490 819 facete!

276 854 412 895 Nimis
443 867 570 906 aegre
601 852 734 893 risum
766 851 973 902 continui,
1005 850 1081 891 ubi
1109 849 1325 903 hospitem
1354 849 1620 901 inclamauit,
1711 855 1778 888 5⁷75

277 924 404 975 Quod
434 938 526 966 sese
556 923 736 964 absente
767 921 872 964 mihi
901 922 1031 963 fidem
1060 921 1222 963 habere
1252 921 1475 962 noluisset.

276 996 336 1037 Ut
365 995 614 1037 memoriter
644 1008 712 1036 me
744 994 955 1036 Sauream
985 993 1178 1034 uocabat
1208 993 1456 1034 atriensem.

910 1065 944 1106 L
954 1064 1005 1106 ib
1018 1078 1080 1105 an
1089 1079 1118 1105 u
1127 1078 1147 1105 s

277 1123 521 1165 Manedum.

909 1192 943 1232 L
954 1206 976 1233 e
989 1205 1012 1233 o
1022 1192 1074 1233 ni
1084 1191 1111 1233 d
1121 1205 1148 1232 a

541 1264 653 1316 Quid
685 1268 750 1306 est
758 1265 777 1304 ἶ)

915 1335 949 1376 L
958 1335 973 1375 i
981 1334 1009 1375 b
1020 1348 1046 1375 a
1054 1349 1082 1375 n
1091 1349 1120 1375 u
1129 1348 1148 1375 s

773 1405 1046 1447 Philaenium
1076 1408 1198 1446 estne
1229 1404 1370 1456 illaec,
1401 1417 1512 1457 quae
1543 1403 1660 1445 intus
1692 1403 1781 1445 exit

277 1479 420 1531 Atque
449 1478 716 1532 Argyrippus
749 1476 872 1530 [una]
884 1477 903 1518 i>

911 1548 945 1589 L
957 1562 978 1589 e
990 1562 1013 1589 o
1024 1547 1112 1589 nid
1123 1561 1150 1589 a

870 1619 1078 1673 Opprime
1110 1632 1176 1671 os;
1206 1619 1242 1659 is
1274 1622 1340 1659 est
1351 1634 1359 1670 3
1391 1617 1779 1659 subauscultemus.

916 1691 950 1731 L
960 1690 1008 1731 ib
1021 1704 1047 1731 a
1055 1705 1083 1730 n
1094 1706 1122 1732 u
1133 1704 1152 1731 s

279 1762 613 1804 Lacrumantem
657 1761 817 1803 lacinia
861 1766 983 1803 tenet
1028 1762 1275 1803 lacrumans
1286 1777 1295 1813 3
1341 1760 1550 1815 quidnam
1589 1773 1680 1801 esse
1720 1759 1783 1801 di-

1237 1845 1334 1873 cam
1344 1832 1364 1872 ‘?
1716 1831 1785 1865 580

279 1904 429 1946 Tacite
461 1904 766 1946 auscultemus.

915 1974 948 2014 L
960 1988 981 2015 e
993 1988 1016 2015 o
1027 1974 1078 2014 ni
1088 1973 1115 2014 d
1125 1987 1152 2015 a

777 2045 975 2086 Attatae!
1008 2044 1136 2086 modo
1168 2044 1314 2085 hercle
1345 2045 1389 2085 in
1419 2048 1610 2086 mentem
1638 2044 1780 2085 uenit:

279 2117 415 2157 Nimis
446 2117 604 2158 uellem
633 2116 794 2158 habere
826 2117 1049 2170 perticam.

918 2187 1150 2228 Libanus

1061 2258 1171 2307 Quoi
1200 2257 1294 2298 rei‘?

911 2328 1150 2370 Leonida

1321 2384 1403 2434 Qui
1432 2383 1710 2425 uerberarem

280 2455 447 2507 Asinos,
478 2456 513 2496 si
542 2455 653 2497 forte
685 2456 934 2509 occeperint
964 2455 1152 2497 clamare
1182 2455 1284 2496 hinc
1317 2469 1368 2496 ex
1399 2455 1606 2496 crumina.

373 2852 440 2884 574
464 2862 571 2894 quem
665 2853 731 2885 576
756 2864 793 2885 sc
887 2853 955 2885 577
978 2852 1068 2885 hacc
1160 2854 1224 2886 581
1249 2853 1362 2887 Atate
1443 2854 1510 2887 582
1534 2850 1612 2894 Quo
1640 2851 1700 2885 cm·
1723 2851 1777 2885 rei
