1926 3275
238 278 313 315 168
842 271 1118 314 Prolegomena.

233 407 343 450 sunt,
376 403 444 440 ubi
474 414 650 451 personae
684 414 817 437 omnes
853 400 1102 449 proscenium
1142 398 1388 447 relinquunt,
1419 389 1522 434 'tales
1552 398 1658 435 locos
1688 401 1730 436 in

231 473 429 521 plerisque
459 470 600 507 fabulis
631 473 693 506 tot
717 469 968 513 inveniemus,
996 470 1040 503 ut
1064 480 1198 503 eorum
1225 479 1341 503 causa
1363 469 1521 504 actuum
1544 480 1730 503 numerus

231 542 336 577 iusto
376 540 504 576 maior
541 538 696 574 futurus
739 534 854 583 511*);
904 535 971 572 sed
1017 535 1191 571 editores
1229 548 1275 571 ex
1312 534 1372 571 his
1409 534 1506 572 locis
1546 538 1731 584 quattuor

233 609 376 656 eligere
407 607 533 644 solent
564 619 586 642 a
617 605 756 642 ceteris
786 604 896 640 nulla
927 617 968 639 re
1001 603 1187 649 diversos,
1222 616 1345 651 eaque
1377 604 1529 640 ratione
1556 603 1731 640 fabulam

232 678 270 713 in
295 677 469 725 quinque
495 677 604 710 actus
629 672 885 720 distinguunt,
912 672 1021 720 quasi
1047 672 1174 708 maius
1200 672 1240 708 in
1263 672 1350 708 istis
1366 672 1462 709 locis
1478 671 1729 709 intervallum

233 745 283 781 sit
314 747 381 780 aut
420 755 501 778 esse
540 741 683 778 debeat
722 754 837 789 quam
877 740 916 775 in
956 740 1114 786 ceteris,
1148 739 1189 776 id
1220 740 1324 788 quod
1355 753 1458 789 saepe
1490 743 1628 777 contra
1658 743 1729 777 est.

232 812 307 849 Sed
338 813 377 847 in
403 810 600 847 nonnullis
625 809 770 845 fabulis
792 808 1043 858 paucioribus
1069 809 1185 845 etiam
1209 809 1306 846 10015
1330 809 1578 857 proscenium
1600 811 1728 855 vacat,

230 880 339 916 velut
365 882 425 915 ter
452 879 492 914 111
508 877 754 914 Mostellaria
788 874 840 923 (v.
876 878 940 913 80.
975 877 1068 913 846.
1106 873 1245 923 1025),
1278 876 1318 912 in
1342 876 1581 914 Truculento
1617 874 1729 924 (447.

234 949 325 984 635.
369 944 487 992 686),
536 946 575 981 111
613 945 1058 982 Heautontimorumeno
1103 942 1214 991 (410.
1257 944 1350 981 874.
1395 942 1539 992 1023),
1585 945 1646 982 bis
1690 946 1732 982 in

231 1015 382 1053 Andria
421 1013 532 1061 (301.
568 1011 687 1060 820),
735 1016 780 1050 ut
825 1013 885 1049 his
930 1013 1076 1049 fabulis
1118 1026 1309 1049 summum
1350 1015 1536 1061 quattuor
1574 1016 1612 1049 et
1649 1015 1732 1050 tres

234 1088 342 1121 actus
374 1083 496 1120 tribui
520 1083 685 1131 possint.
733 1081 860 1127 Quare
886 1081 1039 1118 abiecta
1061 1080 1204 1132 putida
1226 1080 1296 1117 illa
1320 1080 1539 1117 subtilitate
1563 1081 1732 1131 ingenue

231 1153 444 1198 fateamur,
477 1151 609 1187 Plauti
641 1153 679 1187 et
709 1150 884 1187 Terentii
923 1149 1074 1187 fabulas
1115 1150 1196 1186 sine
1236 1149 1317 1186 ulla
1354 1152 1511 1186 actuum
1542 1149 1732 1187 divisione

230 1233 308 1257 uno
339 1224 475 1256 tenore
507 1232 631 1268 usque
664 1218 714 1255 ad
745 1218 869 1255 aulaea
901 1218 1059 1255 sublata
1089 1221 1269 1267 peractas
1310 1231 1405 1255 esse.
1467 1217 1596 1255 Unum
1629 1219 1732 1256 exci-

230 1288 416 1337 piendum
450 1290 519 1333 est,
551 1287 618 1323 ubi
651 1287 785 1323 eadem
809 1299 989 1335 persona,
1023 1300 1108 1335 quae
1133 1286 1383 1335 proscenium
1414 1286 1586 1336 reliquit,
1620 1287 1733 1336 quasi

231 1357 440 1394 interiecto
471 1356 661 1405 temporis
699 1355 831 1404 spatio
870 1355 1015 1392 iterum
1045 1354 1149 1391 redit
1179 1355 1219 1391 in
1249 1355 1511 1404 proscenium.
1565 1354 1631 1391 Fit
1659 1354 1732 1392 1100

232 1426 272 1462 111
290 1424 488 1462 Pseudolo
521 1437 565 1461 eo
596 1424 695 1470 loco,
727 1423 794 1460 ubi
826 1422 999 1460 editores
1029 1424 1201 1472 primum
1232 1426 1363 1460 actum
1394 1424 1624 1460 terminant.
1671 1423 1733 1460 Ibi

232 1506 366 1530 servus
398 1492 562 1529 callidus
593 1506 633 1529 se
666 1492 956 1541 aliquantisper
986 1492 1091 1528 intro
1124 1505 1396 1529 concessurum
1423 1492 1528 1539 dicit,
1554 1495 1599 1529 ut
1620 1491 1732 1529 falla-

234 1563 312 1599 cias
344 1564 488 1608 struat,
530 1574 619 1597 mox
648 1562 809 1598 invento
848 1560 1033 1607 consilio,
1075 1560 1180 1609 quod
1218 1561 1393 1610 placeat,
1434 1561 1576 1598 iterum
1614 1561 1730 1598 redit.

234 1630 363 1677 Quare
404 1643 529 1679 pausa
568 1629 700 1678 aliqua
737 1629 1006 1666 intercesserit
1043 1642 1200 1666 necesse
1240 1632 1315 1676 est,
1349 1641 1468 1678 quam
1499 1642 1577 1678 quo
1615 1629 1733 1667 modo

268 1785 300 1828 *)
326 1785 475 1819 Duabus
500 1787 647 1818 tantum
672 1784 711 1818 in
734 1783 867 1818 fabulis
895 1786 1025 1828 quater
1048 1783 1120 1817 hoc
1140 1783 1193 1826 fit,
1219 1785 1261 1817 ut
1279 1783 1378 1818 facili
1398 1783 1551 1828 negotio
1572 1784 1734 1828 quinque

324 1845 426 1876 actus
453 1842 613 1875 describi
637 1841 793 1886 possint,
820 1841 860 1875 in
873 1841 992 1874 Milite
1018 1841 1181 1885 glorioso
1208 1844 1244 1875 et
1268 1841 1307 1875 in
1320 1840 1485 1876 Poenulo.
1524 1841 1589 1875 His
1606 1841 1734 1876 Cistel-

323 1900 414 1932 laria
440 1899 591 1942 adiungi
616 1901 752 1942 potest,
775 1898 806 1932 si
824 1898 966 1931 Auxilii
994 1898 1197 1931 orationem
1223 1897 1428 1941 (146—199)
1454 1910 1530 1933 non
1554 1911 1622 1944 pro
1648 1903 1734 1934 actu

324 1956 389 1989 sed
424 1968 491 2000 pro
528 1955 724 1989 intervallo
762 1958 910 1988 actuum
946 1955 1141 1997 habemus,
1179 1957 1216 1988 et
1246 1954 1488 1999 Amphitruo,
1523 1956 1552 1989 si
1586 1956 1734 2000 quidem

324 2012 545 2056 Amphitruo
576 2012 728 2046 fulmine
752 2012 941 2056 perculsus
968 2011 1013 2054 (v.
1042 2011 1141 2054 1064)
1172 2013 1408 2056 proscenium
1438 2022 1514 2045 non
1545 2012 1732 2056 relinquit.

325 2068 493 2113 Quinque
512 2070 709 2103 intervalla
728 2072 814 2103 sunt
833 2068 872 2102 in
887 2067 1017 2101 Casina
1043 2067 1131 2111 (144.
1153 2069 1229 2102 492.
1252 2069 1327 2102 509.
1354 2069 1430 2102 708.
1457 2068 1547 2111 797),
1572 2068 1732 2114 Epidico

326 2127 414 2168 (167.
442 2127 516 2160 317.
544 2128 619 2160 378.
641 2127 724 2160 598.
750 2124 842 2168 656),
867 2125 1052 2158 Pseudolo
1079 2124 1167 2166 (576.
1195 2126 1268 2158 772.
1296 2126 1371 2159 909.
1402 2126 1497 2158 1052.
1521 2124 1632 2169 1242),
1656 2126 1733 2160 Tri-

325 2194 474 2215 nummo
495 2184 582 2225 (224.
603 2184 679 2216 601.
701 2184 774 2216 729.
797 2183 872 2215 820.
897 2181 1008 2224 1115),
1034 2181 1217 2215 Eunucho
1239 2180 1327 2225 (391.
1350 2183 1425 2215 507.
1446 2183 1520 2216 539.
1541 2183 1617 2216 615.
1639 2183 1732 2227 817),

325 2238 469 2282 Hecyra
494 2240 581 2282 (198.
609 2241 684 2273 281.
712 2240 787 2273 516.
815 2241 890 2273 577.
918 2238 1008 2281 799),
1035 2238 1073 2272 in
1093 2238 1316 2272 Phormione
1343 2237 1432 2281 (153.
1459 2240 1534 2272 315.
1558 2240 1633 2273 567.
1655 2241 1731 2274 766.

324 2295 420 2338 820),
446 2296 516 2329 11151
547 2296 642 2329 forte
673 2296 800 2329 addito
832 2308 863 2329 v.
891 2298 956 2330 893
991 2306 1054 2329 sex
1084 2294 1280 2329 intervalla
1312 2306 1505 2329 numerare
1537 2296 1661 2339 malis,
1694 2297 1733 2330 in

326 2350 545 2386 Curculione
571 2352 658 2395 (215.
681 2354 756 2386 275.
778 2354 852 2386 371.
873 2354 949 2386 485.
971 2352 1060 2395 532),
1088 2353 1119 2386 si
1137 2352 1335 2397 parabasin
1355 2352 1505 2396 choragi
1525 2351 1732 2396 (461—484)

324 2420 390 2452 pro
423 2409 616 2443 intervallo
647 2410 833 2443 habemus.
885 2409 956 2443 Sex
987 2409 1127 2443 habent
1158 2409 1303 2453 Captivi
1334 2409 1422 2452 (459.
1448 2410 1524 2443 496.
1552 2410 1626 2443 510.
1653 2410 1730 2443 761.

325 2466 400 2497 901.
428 2466 522 2508 915),
555 2466 777 2499 Menaechmi
809 2466 896 2509 (223.
930 2467 1006 2500 436.
1039 2467 1114 2500 546.
1147 2467 1224 2500 688.
1257 2467 1332 2500 867.
1368 2465 1485 2509 1028),
1519 2465 1631 2500 Persa
1664 2465 1729 2509 (54.

330 2523 401 2554 168.
435 2523 508 2555 252.
542 2524 617 2556 330.
650 2524 725 2556 401.
759 2522 858 2566 751),
897 2523 1042 2557 Stichus
1078 2522 1166 2565 (158.
1200 2524 1277 2557 403.
1310 2523 1385 2556 505.
1418 2523 1495 2556 638.
1527 2523 1603 2556 670.
1635 2521 1731 2566 679);

325 2581 464 2620 septem
492 2579 693 2613 Bacchides
725 2580 813 2623 (106.
852 2581 924 2613 167.
957 2581 1032 2613 364.
1067 2581 1141 2613 381.
1175 2581 1250 2613 521.
1284 2580 1359 2613 568.
1385 2577 1464 2621 917)
1499 2581 1535 2612 et
1559 2579 1733 2612 Asinaria

327 2635 414 2674 (126.
448 2636 521 2667 246.
555 2637 629 2668 500.
664 2637 737 2669 540.
771 2637 846 2670 739.
880 2638 954 2670 804.
982 2636 1079 2680 821),
1111 2639 1195 2670 octo
1221 2634 1409 2669 Aulularia
1436 2634 1524 2678 (120.
1551 2636 1627 2668 275.
1653 2636 1729 2669 364.

329 2692 403 2723 300.
432 2692 505 2723 397.
534 2692 609 2724 577.
636 2692 711 2724 671.
739 2692 818 2733 690)
851 2696 886 2726 ct
912 2692 1097 2727 Mercator
1129 2693 1216 2736 (221.
1244 2694 1320 2727 490.
1347 2693 1422 2726 535.
1449 2692 1523 2725 579.
1550 2692 1627 2725 658.
1652 2692 1729 2726 643.

328 2747 403 2778 791.
436 2746 534 2788 946),
569 2759 699 2780 novem
726 2748 886 2792 Adclphi
919 2748 1008 2792 (155.
1036 2750 1111 2783 288.
1139 2751 1214 2783 355.
1242 2750 1317 2783 517.
1345 2750 1420 2783 592.
1448 2748 1523 2781 610.
1550 2749 1625 2782 713.
1652 2749 1729 2782 787.

328 2801 424 2845 855),
464 2802 631 2835 undecim
664 2803 812 2838 Rudons
851 2806 939 2848 (185.
978 2807 1053 2838 290.
1091 2807 1166 2839 458.
1198 2807 1275 2840 485.
1308 2807 1382 2840 593.
1415 2806 1490 2839 892.
1522 2805 1598 2838 906.
1634 2805 1728 2838 1191.

331 2859 427 2892 1265.
457 2858 566 2901 1280).
616 2859 795 2903 Prologus
821 2872 966 2904 semper
991 2862 1138 2896 secrevi.
