1926 3275
814 317 994 351 Asinaria.
1576 320 1655 358 349

147 447 304 496 ingenia
336 460 470 484 earum
501 447 633 496 aliqua
666 449 819 485 ratione
850 446 1135 491 indicarentur,
1169 444 1209 481 id
1235 444 1297 482 hic
1324 458 1482 494 quoque
1507 446 1655 483 factum

148 519 220 562 est,
253 514 322 552 ubi
353 528 426 565 per
456 515 626 552 ironiam
658 515 856 564 quandam
887 513 1096 565 splendida
1128 515 1289 550 nomina
1321 516 1360 550 et
1384 513 1514 550 laudis
1537 514 1655 563 plena

146 582 329 632 turpibus
368 582 563 620 induntur
600 585 793 632 personis.
856 578 1129 621 Demoewsel‘us
1169 579 1440 629 (Δημαίνετος),
1482 583 1596 631 quasi
1636 596 1655 619 a

145 651 295 701 populo
327 651 525 697 laudatus,
559 664 674 688 senex
706 651 771 688 ille
803 663 970 700 nequam
1002 649 1246 699 appellatur,
1282 663 1399 699 quem
1431 663 1532 688 uxor
1563 650 1655 687 dum

145 720 185 755 in
225 722 366 756 senatu
404 719 631 768 reipublicae
673 732 834 768 operam
875 718 968 755 dare
1008 721 1141 755 censet
1181 715 1233 764 (v.
1269 715 1390 764 862),
1432 731 1478 754 ex
1517 718 1655 756 lustris

146 799 348 837 ganeaque
374 786 559 824 extrahit.
602 787 721 824 Lenae
746 799 887 823 nomen
913 785 1225 835 suprascriptum
1255 789 1314 822 est
1338 798 1462 823 scenae
1480 800 1502 823 a
1518 800 1554 824 v.
1577 787 1654 824 152

146 855 354 905 incipienti
379 853 639 902 CLERETA3
674 854 816 891 deinde
841 854 879 890 in
905 856 1094 891 contextu
1119 867 1153 890 V.
1182 854 1261 890 744
1294 852 1583 901 „claearetae“;
1616 855 1655 892 in

146 921 390 960 editionibus
419 926 477 960 est
502 922 705 970 Cleaereta,
739 923 947 971 Κλεαιρέτη,
980 921 1048 958 sed
1072 923 1205 970 potius
1229 916 1436 969 Cleareta,
1462 924 1656 971 Κλεαρέτη,

145 991 239 1038 fuit,
280 1004 369 1028 nam
406 991 602 1040 Κλεάρετος
642 994 681 1028 et
716 991 891 1039 Τιμαρέτη
930 992 1025 1026 nota
1064 990 1223 1026 nomina
1263 993 1373 1036 sunt,
1416 990 1529 1039 quasi
1569 1004 1654 1040 quae

145 1058 303 1096 laudem
337 1059 531 1109 acquirat.
593 1053 858 1109 Aryy7·{292)zt.9
891 1056 1142 1107 splendidum
1182 1057 1309 1107 prima
1347 1059 1475 1107 specie
1514 1071 1655 1095 nomen

146 1130 204 1163 est
230 1126 312 1164 eius
335 1128 505 1176 generis,
540 1126 657 1176 quod,
693 1128 787 1176 quia
819 1139 905 1163 cum
940 1138 1041 1174 equo
1076 1125 1330 1162 coniunctum
1355 1129 1451 1172 erat,
1482 1127 1654 1175 equitem

145 1193 284 1232 decere
315 1194 526 1232 videbatur
558 1194 728 1244 ideoque
761 1194 897 1231 multis
922 1192 1115 1243 placebat,
1142 1194 1252 1230 velut
1276 1194 1391 1230 uxori
1416 1193 1655 1244 Strepsiadis

144 1262 186 1298 in
216 1261 395 1300 Nubibus
427 1262 728 1313 Aristophanis,
762 1276 797 1299 V.
834 1263 884 1299 63
917 1274 996 1311 sq.:
1035 1262 1049 1305 ἦ
1080 1263 1145 1309 μὲν
1182 1262 1253 1310 γὰρ
1292 1260 1408 1297 ἵππον
1443 1265 1653 1311 προσετίθει

145 1331 237 1380 πρὸς
267 1329 434 1378 τοῦνομα,
466 1331 688 1368 Ξάνθιππον
720 1331 738 1375 ἢ
764 1332 976 1379 Χαίριππον
1010 1331 1027 1374 ἢ
1052 1329 1311 1374 Καλλιππίδην
1344 1333 1416 1366 etc.
1465 1329 1539 1367 Hic
1563 1344 1655 1368 vero

145 1398 223 1436 alia
253 1398 370 1436 huius
401 1399 573 1435 nominis
605 1399 707 1435 ratio
740 1401 820 1445 est3
852 1411 942 1435 nam
975 1397 1030 1434 sic
1062 1396 1289 1447 appellatur
1315 1396 1557 1446 adulescens,
1587 1399 1653 1448 qui

144 1470 311 1516 propter
343 1469 550 1514 argentum
584 1479 726 1516 equum
758 1479 799 1503 se
830 1466 926 1502 facit
965 1468 1004 1502 et
1041 1478 1197 1502 servum
1236 1478 1348 1502 suum
1388 1465 1505 1503 dorso
1547 1467 1656 1504 vehit

148 1533 185 1582 (ὃ
217 1535 277 1570 rof)
309 1534 484 1584 ἀργυρίου
517 1533 616 1570 ἕνεκα
647 1531 801 1581 ἵππος),
842 1547 878 1570 V.
914 1534 993 1571 692
1028 1546 1112 1582 sqq.
1179 1528 1418 1571 Philemnm
1459 1535 1499 1570 in
1540 1535 1652 1572 codd.

144 1603 334 1640 meretrix
366 1602 609 1653 appellatur3
652 1602 721 1640 sed
754 1604 936 1647 (Ιιιληνιόν,
968 1604 1012 1638 ut
1043 1601 1202 1650 opinor,
1236 1614 1350 1638 nemo
1385 1602 1557 1649 audivit,
1594 1610 1653 1638 ψι-

145 1672 256 1712 imm}
303 1674 340 1707 et
381 1672 563 1706 Φιλαινίον
609 1670 773 1720 vulgata
818 1671 979 1707 nomina
1025 1665 1186 1716 sunt*‘);
1236 1683 1357 1718 quare
1401 1666 1651 1707 Plct'loem'ecm

146 1739 386 1789 scripsimus.
450 1734 661 1776 Diabolus
699 1739 833 1775 rivalis
875 1737 1122 1787 appellatur,
1171 1737 1282 1786 quasi
1329 1737 1543 1774 maledicus
1588 1742 1654 1774 aut

146 1806 407 1844 calumniator
447 1804 484 1853 (ὁ
523 1804 761 1853 διαβάλλων),
795 1807 888 1855 quia
926 1804 1077 1853 flagitia
1115 1805 1189 1842 viri
1229 1805 1343 1842 uxori
1384 1806 1467 1842 eius
1506 1806 1655 1842 indicat

147 1872 200 1922 (v.
230 1872 342 1921 804).
392 1873 624 1911 Fleckeisen
661 1872 921 1921 „Diabulum“
957 1873 1126 1922 scripsit,
1161 1873 1267 1923 quod
1301 1874 1329 1909 si
1364 1887 1385 1910 a
1417 1874 1656 1920 &amavissent

147 1942 316 1989 ducitur,
350 1956 420 1980 nec
451 1941 763 1992 probabiliorem
794 1940 917 1977 habet
948 1941 1118 1978 nominis
1150 1942 1341 1977 rationem
1379 1954 1449 1979 nec
1488 1946 1656 1991 propter

148 2023 333 2048 numeros
367 2010 460 2047 ferri
500 2014 650 2059 potest,
695 2011 880 2059 quoniam
919 2008 1047 2046 media
1089 2010 1193 2046 vocis
1234 2009 1384 2058 syllaba
1424 2008 1556 2045 brevis
1599 2013 1658 2045 est

147 2091 182 2115 v.
217 2078 311 2114 627.
373 2074 602 2115 Artemona
635 2077 778 2115 Latine
810 2077 979 2123 dicitur,
1013 2090 1098 2125 quae
1132 2077 1267 2114 Graeee
1300 2077 1374 2113 fuit
1404 2078 1558 2125 Ἀρτεμώ
1596 2076 1657 2124 (ut

146 2145 262 2195 Corp.
296 2145 417 2182 Inser.
451 2145 574 2183 Graec.
609 2160 644 2182 n.
681 2143 793 2192 696).
857 2144 896 2182 Si
929 2145 986 2182 vis
1018 2145 1186 2181 nominis
1219 2144 1433 2194 quaerenda
1466 2149 1546 2191 est,
1580 2158 1657 2182 non

145 2217 227 2250 tam
259 2226 281 2250 a
311 2213 400 2250 velo
437 2215 617 2260 nautico,
659 2213 765 2263 quod
804 2213 968 2261 ἀρτεμών
1007 2213 1173 2259 dicitur,
1215 2226 1330 2262 quam
1373 2213 1420 2249 ab
1460 2213 1656 2250 adiectivo

148 2280 256 2330 quod
303 2285 360 2318 est
408 2281 576 2329 ἀρτεμὴς,
623 2282 796 2330 integer,
845 2280 1102 2330 repetendum
1142 2280 1311 2317 videtur.
1354 2302 1407 2305 —
1447 2280 1657 2318 Servorum

147 2349 249 2386 alter
300 2348 560 2396 „truculentis
608 2348 754 2385 οοῑιΙίειι
816 2346 868 2395 (v.
914 2347 1035 2394 398),
1091 2349 1157 2397 qui
1213 2348 1396 2385 atriensis
1448 2362 1656 2398 personam

147 2416 315 2466 suscipit
359 2417 645 2465 pecuniamque
686 2417 897 2453 mercatori
937 2416 1083 2462 aufert,
1124 2416 1280 2453 heroico
1320 2416 1476 2452 nomine
1508 2412 1656 2453 Leoni-

149 2480 227 2521 das
265 2483 511 2533 appellatur,
546 2483 664 2530 alter,
699 2485 813 2533 quasi
843 2484 973 2520 mollis
1006 2487 1045 2520 et
1077 2484 1235 2533 elegans
1267 2499 1289 2520 a
1319 2483 1436 2520 thure
1467 2480 1657 2521 Libanus

149 2550 307 2598 dicitur,
342 2564 461 2600 quum
494 2552 651 2600 utrique
684 2551 818 2601 potius
851 2552 1049 2588 contraria
1082 2552 1242 2588 nomina
1277 2552 1523 2588 conveniant.

180 2728 215 2771 *)
242 2728 399 2762 Constat
424 2731 546 2761 autem
578 2728 615 2761 in
648 2727 748 2762 nulla
780 2740 819 2762 re
852 2739 930 2762 esse
962 2729 1138 2762 maiorem
1170 2728 1406 2762 librariorum
1440 2728 1654 2762 inconstan-

241 2785 350 2827 tiam,
378 2795 488 2828 quam
515 2785 553 2818 in
578 2796 646 2818 usu
672 2784 855 2819 vocalium
881 2796 899 2817 c
926 2790 962 2819 et
988 2797 1030 2819 ae.
1081 2784 1141 2819 Sic
1174 2785 1211 2819 in
1240 2785 1310 2819 hac
1336 2783 1461 2819 fabula
1489 2784 1655 2828 „Demae-

242 2840 370 2875 netus“
403 2843 460 2874 est
491 2841 529 2875 in
560 2841 641 2876 cod.
668 2841 696 2875 B
728 2854 759 2875 v.
786 2843 850 2876 341
885 2845 922 2876 et
952 2844 1037 2884 573,
1075 2842 1163 2875 alibi
1195 2853 1341 2885 semper
1375 2841 1656 2884 „dcmeuctus‘ss

243 2896 436 2940 frequente
463 2897 613 2941 „laena“
642 2910 709 2942 pro
735 2898 875 2941 „lena“,
903 2898 1046 2943 ‚,sepe“,
1073 2899 1155 2933 alia.
