1926 3275
65 334 110 377 Π,
126 336 157 377 27
172 334 307 368 38—56
727 331 909 365 Asinaria.
1515 335 1566 373 95

66 459 151 502 Ubi
166 473 318 500 manus
335 458 533 499 manicae
552 457 787 511 conplexae
805 461 904 498 sunt
922 461 1050 510 atque
1068 457 1284 498 adductae
1309 457 1364 497 ad
1388 457 1568 508 trabem,

65 532 155 573 Nec
187 531 404 585 dependes
435 544 515 572 nec
542 530 798 584 propendes‚
827 530 930 583 quin
954 553 1010 557 ——
1032 529 1172 570 malus
1197 542 1470 583 nequamque
1495 529 1567 569 sis.

702 617 935 659 Libanus

66 675 157 717 Uae
188 675 280 716 tibi.

702 746 937 787 Leonida

300 819 417 860 Istoc
447 822 709 860 testamento
743 817 941 859 Seruitus
972 817 1090 870 legat
1120 817 1212 858 tibi.

703 904 936 945 Libanus

66 977 222 1019 Uerbis
254 977 553 1019 uelitationem
583 977 679 1018 fieri
712 977 925 1030 conpendi
956 977 1079 1027 uolo;
1505 976 1571 1009 305

69 1049 180 1100 Quid
211 1049 327 1091 istud
361 1050 437 1090 tibi
467 1050 616 1102 negoti
649 1049 919 1090 exortumst‘?
953 1047 1140 1089 Credere
1173 1047 1382 1089 audacter
1413 1047 1525 1088 licet.

702 1136 940 1178 Leonida

68 1208 134 1250 Sis
166 1209 329 1250 amanti
361 1208 592 1250 subuenire
624 1208 827 1249 familiari
859 1208 960 1259 filio,

67 1280 253 1322 Tantum
285 1280 408 1321 adest
438 1280 540 1322 boni
572 1281 810 1335 inprouiso,
841 1294 994 1321 uerum
1026 1279 1291 1321 conmixtum
1322 1278 1457 1320 malo:

69 1352 224 1394 Omnes
257 1352 310 1394 de
342 1353 466 1394 nobis
499 1353 763 1394 carnuficum
796 1351 1220 1394 concelebrabuntur
1252 1351 1355 1392 dies.

68 1424 246 1476 Libane,
278 1439 392 1465 nunc
424 1424 607 1466 audacia
637 1429 761 1466 usust
791 1425 916 1466 nobis
947 1425 1126 1465 inuenta
1157 1427 1201 1464 et
1232 1422 1354 1463 dolis.
1506 1429 1573 1461 310

69 1497 254 1538 Tantum
284 1496 453 1538 facinus
485 1497 613 1538 modo
646 1512 724 1550 ego
757 1497 914 1547 inueni,
946 1501 994 1537 ut
1024 1511 1101 1537 nos
1133 1495 1328 1536 dicamur
1359 1494 1443 1535 duo

70 1567 270 1609 Omnium
301 1569 556 1621 dignissumi
588 1584 680 1610 esse
713 1583 797 1622 quo
831 1568 1049 1609 cruciatus
1082 1566 1315 1609 confluant.

707 1655 937 1697 Libanus

70 1728 184 1781 Ergo
217 1727 410 1769 mirabar
440 1727 557 1782 quod
589 1727 750 1769 dudum
783 1727 987 1781 scapulae
1020 1726 1238 1780 gestibant
1268 1725 1383 1776 mihi,

70 1800 289 1842 Hariolari
321 1813 431 1854 quae
464 1804 728 1853 occeperunt
759 1799 839 1841 sibi
873 1813 965 1840 esse
997 1800 1041 1840 in
1074 1798 1235 1839 mundo
1267 1798 1441 1838 malum.

72 1871 291 1926 Quidquid
323 1876 387 1913 est
418 1872 636 1926 eloquere.

707 1942 941 1984 Leonida

597 2015 797 2068 Magnast
827 2014 993 2069 praeda
1025 2028 1121 2055 cum
1152 2027 1306 2067 magno
1339 2012 1464 2053 malo.
1506 2018 1572 2050 315

708 2102 940 2143 Libanus

75 2173 119 2215 Si
151 2174 324 2228 quidem
356 2188 503 2215 omnes
537 2175 751 2215 coniurati
783 2174 1079 2215 cruciamenta
1111 2170 1349 2220 conserant,

74 2245 225 2287 Habeo
258 2246 410 2299 opinor
439 2244 697 2287 familiarem
726 2250 912 2299 tergum,
944 2259 998 2286 ne
1031 2258 1237 2297 quaeram
1269 2241 1386 2283 foris.

705 2327 942 2369 Leonida

75 2399 119 2441 Si
149 2400 276 2441 istam
307 2399 615 2440 firmitudinem
650 2400 781 2441 animi
812 2400 990 2453 optines,
1023 2398 1132 2439 salui
1164 2410 1321 2438 sumus.

707 2471 941 2512 Libanus

77 2543 189 2592 Quin
221 2543 257 2584 si
286 2547 407 2595 tergo
439 2556 508 2583 res
540 2542 802 2594 soluendast‚
834 2556 990 2595 rapere
1024 2541 1148 2594 cupio
1181 2539 1414 2594 publicum.

76 2613 328 2667 Pernegabo
361 2618 491 2666 atque
525 2613 763 2665 obdurabo,
797 2613 1030 2667 periurabo
1064 2612 1261 2665 denique.
1509 2606 1575 2639 320

169 2799 235 2832 303
261 2797 437 2842 dependis
497 2797 698 2841 pro-pendis
787 2799 852 2832 304
877 2797 957 2831 Hoc
1038 2797 1104 2830 306
1129 2795 1229 2829 istud
1254 2793 1396 2837 negotii
1422 2796 1477 2826 est
1501 2804 1575 2825 cer-

79 2856 157 2887 tum
182 2857 247 2888 est.
320 2854 407 2888 licet
432 2853 480 2887 sis
574 2855 637 2887 311
665 2854 789 2888 inueni
814 2865 882 2898 ego
976 2854 1042 2887 317
1067 2852 1246 2886 familiare
1340 2851 1406 2884 319
1432 2849 1461 2882 si
1487 2858 1573 2891 ergo

78 2920 117 2943 re
142 2909 320 2944 soluenda
345 2914 399 2944 est
