<?xml version="1.0" encoding="UTF-8"?>
<!DOCTYPE html PUBLIC "-//W3C//DTD XHTML 1.0 Transitional//EN"
    "http://www.w3.org/TR/xhtml1/DTD/xhtml1-transitional.dtd">
<html xmlns="http://www.w3.org/1999/xhtml" xml:lang="en" lang="en">
 <head>
  <title>
</title>
<meta http-equiv="Content-Type" content="text/html;charset=utf-8" />
  <meta name='ocr-system' content='tesseract 3.04.00' />
  <meta name='ocr-capabilities' content='ocr_page ocr_carea ocr_par ocr_line ocrx_word'/>
</head>
<body>
  <div class='ocr_page' id='page_1' title='image "./comoediaerecensv01plauuoft_0260.png"; bbox 0 0 1926 3275; ppageno 0'>
   <div class='ocr_carea' id='block_1_1' title="bbox 282 325 1145 369">
    <p class='ocr_par' dir='ltr' id='par_1_1' title="bbox 282 325 1145 369">
     <span class='ocr_line' id='line_1_1' title="bbox 282 325 1145 369; baseline -0.013 -1"><span class='ocrx_word' id='word_1_1' title='bbox 282 331 361 368; x_wconf 73' lang='lat'>242</span> <span class='ocrx_word' id='word_1_2' title='bbox 911 325 1145 369; x_wconf 85' lang='lat' dir='ltr'>Amphitruo.</span> 
     </span>
    </p>
   </div>
   <div class='ocr_carea' id='block_1_2' title="bbox 281 452 1792 2944">
    <p class='ocr_par' dir='ltr' id='par_1_2' title="bbox 281 452 1790 2133">
     <span class='ocr_line' id='line_1_2' title="bbox 281 452 1781 506; baseline -0.001 -14"><span class='ocrx_word' id='word_1_3' title='bbox 281 454 497 506; x_wconf 87' lang='lat' dir='ltr'>perfidiam,</span> <span class='ocrx_word' id='word_1_4' title='bbox 530 454 597 491; x_wconf 88' lang='lat' dir='ltr'>sed</span> <span class='ocrx_word' id='word_1_5' title='bbox 628 455 865 491; x_wconf 88' lang='lat' dir='ltr'>iniustitiam</span> <span class='ocrx_word' id='word_1_6' title='bbox 896 455 1121 503; x_wconf 88' lang='lat' dir='ltr'>vituperari</span> <span class='ocrx_word' id='word_1_7' title='bbox 1155 453 1307 490; x_wconf 88' lang='lat' dir='ltr'>debere.</span> <span class='ocrx_word' id='word_1_8' title='bbox 1355 452 1435 489; x_wconf 83' lang='lat' dir='ltr'>Nee</span> <span class='ocrx_word' id='word_1_9' title='bbox 1461 455 1545 490; x_wconf 88' lang='lat' dir='ltr'>veri</span> <span class='ocrx_word' id='word_1_10' title='bbox 1569 453 1697 490; x_wconf 89' lang='lat' dir='ltr'>simile</span> <span class='ocrx_word' id='word_1_11' title='bbox 1722 457 1781 490; x_wconf 85' lang='lat' dir='ltr'>est</span> 
     </span>
     <span class='ocr_line' id='line_1_3' title="bbox 283 521 1782 572; baseline -0.001 -11"><span class='ocrx_word' id='word_1_12' title='bbox 283 537 368 570; x_wconf 83' lang='lat' dir='ltr'>eos,</span> <span class='ocrx_word' id='word_1_13' title='bbox 399 536 521 572; x_wconf 88' lang='lat' dir='ltr'>penes</span> <span class='ocrx_word' id='word_1_14' title='bbox 554 536 649 571; x_wconf 88' lang='lat' dir='ltr'>quos</span> <span class='ocrx_word' id='word_1_15' title='bbox 682 522 890 559; x_wconf 86' lang='lat' dir='ltr'>arbitrium</span> <span class='ocrx_word' id='word_1_16' title='bbox 927 522 1045 558; x_wconf 86' lang='lat' dir='ltr'>huius</span> <span class='ocrx_word' id='word_1_17' title='bbox 1083 523 1143 558; x_wconf 86' lang='lat' dir='ltr'>rei</span> <span class='ocrx_word' id='word_1_18' title='bbox 1183 524 1300 568; x_wconf 87' lang='lat' dir='ltr'>esset,</span> <span class='ocrx_word' id='word_1_19' title='bbox 1335 521 1383 558; x_wconf 88' lang='lat' dir='ltr'>ab</span> <span class='ocrx_word' id='word_1_20' title='bbox 1413 521 1605 558; x_wconf 73' lang='lat' dir='ltr'>histrione</span> <span class='ocrx_word' id='word_1_21' title='bbox 1635 521 1782 559; x_wconf 87' lang='lat' dir='ltr'>talibus</span> 
     </span>
     <span class='ocr_line' id='line_1_4' title="bbox 281 589 1781 640; baseline -0.001 -12"><span class='ocrx_word' id='word_1_22' title='bbox 281 591 413 629; x_wconf 85' lang='lat' dir='ltr'>verbis</span> <span class='ocrx_word' id='word_1_23' title='bbox 444 590 696 640; x_wconf 87' lang='lat' dir='ltr'>compellatos</span> <span class='ocrx_word' id='word_1_24' title='bbox 729 603 822 627; x_wconf 88' lang='lat' dir='ltr'>esse.</span> <span class='ocrx_word' id='word_1_25' title='bbox 885 589 1007 626; x_wconf 88' lang='lat' dir='ltr'>Porro</span> <span class='ocrx_word' id='word_1_26' title='bbox 1051 589 1223 626; x_wconf 77' lang='lat' dir='ltr'>ambitus</span> <span class='ocrx_word' id='word_1_27' title='bbox 1262 589 1324 626; x_wconf 83' lang='lat' dir='ltr'>lex</span> <span class='ocrx_word' id='word_1_28' title='bbox 1361 602 1440 626; x_wconf 91' lang='lat' dir='ltr'>non</span> <span class='ocrx_word' id='word_1_29' title='bbox 1478 590 1529 627; x_wconf 88' lang='lat' dir='ltr'>ad</span> <span class='ocrx_word' id='word_1_30' title='bbox 1566 603 1654 627; x_wconf 88' lang='lat' dir='ltr'>eum</span> <span class='ocrx_word' id='word_1_31' title='bbox 1691 603 1781 640; x_wconf 88' lang='lat' dir='ltr'>per-</span> 
     </span>
     <span class='ocr_line' id='line_1_5' title="bbox 282 649 1780 707; baseline -0.001 -11"><span class='ocrx_word' id='word_1_32' title='bbox 282 662 402 705; x_wconf 88' lang='lat' dir='ltr'>tinet,</span> <span class='ocrx_word' id='word_1_33' title='bbox 445 661 512 707; x_wconf 88' lang='lat' dir='ltr'>qui</span> <span class='ocrx_word' id='word_1_34' title='bbox 552 659 719 695; x_wconf 85' lang='lat' dir='ltr'>comitiis</span> <span class='ocrx_word' id='word_1_35' title='bbox 758 661 919 707; x_wconf 77' lang='lat' dir='ltr'>praeest,</span> <span class='ocrx_word' id='word_1_36' title='bbox 961 657 1029 694; x_wconf 91' lang='lat' dir='ltr'>sed</span> <span class='ocrx_word' id='word_1_37' title='bbox 1070 649 1118 694; x_wconf 80' lang='lat' dir='ltr'>ad</span> <span class='ocrx_word' id='word_1_38' title='bbox 1149 658 1342 707; x_wconf 73' lang='lat' dir='ltr'>petitores</span> <span class='ocrx_word' id='word_1_39' title='bbox 1375 671 1587 707; x_wconf 85' lang='lat' dir='ltr'>eorumque</span> <span class='ocrx_word' id='word_1_40' title='bbox 1621 660 1780 695; x_wconf 88' lang='lat' dir='ltr'>amicos.</span> 
     </span>
     <span class='ocr_line' id='line_1_6' title="bbox 283 724 1783 775; baseline -0.001 -12"><span class='ocrx_word' id='word_1_41' title='bbox 283 727 429 772; x_wconf 78' lang='lat' dir='ltr'>Quare,</span> <span class='ocrx_word' id='word_1_42' title='bbox 465 727 496 762; x_wconf 88' lang='lat' dir='ltr'>si</span> <span class='ocrx_word' id='word_1_43' title='bbox 529 726 702 763; x_wconf 78' lang='lat' dir='ltr'>aedilium</span> <span class='ocrx_word' id='word_1_44' title='bbox 733 726 920 763; x_wconf 88' lang='lat' dir='ltr'>iudicium</span> <span class='ocrx_word' id='word_1_45' title='bbox 951 726 1046 772; x_wconf 88' lang='lat' dir='ltr'>fuit,</span> <span class='ocrx_word' id='word_1_46' title='bbox 1079 739 1158 763; x_wconf 92' lang='lat' dir='ltr'>non</span> <span class='ocrx_word' id='word_1_47' title='bbox 1190 739 1256 763; x_wconf 90' lang='lat' dir='ltr'>eos</span> <span class='ocrx_word' id='word_1_48' title='bbox 1287 724 1497 775; x_wconf 89' lang='lat' dir='ltr'>perfidiose</span> <span class='ocrx_word' id='word_1_49' title='bbox 1529 729 1689 774; x_wconf 75' lang='lat' dir='ltr'>agentes</span> <span class='ocrx_word' id='word_1_50' title='bbox 1719 727 1783 763; x_wconf 80' lang='lat' dir='ltr'>lex</span> 
     </span>
     <span class='ocr_line' id='line_1_7' title="bbox 284 793 1782 844; baseline 0 -13"><span class='ocrx_word' id='word_1_51' title='bbox 284 797 475 840; x_wconf 75' lang='lat' dir='ltr'>coercuit,</span> <span class='ocrx_word' id='word_1_52' title='bbox 515 794 583 831; x_wconf 89' lang='lat' dir='ltr'>sed</span> <span class='ocrx_word' id='word_1_53' title='bbox 621 794 720 831; x_wconf 87' lang='lat' dir='ltr'>alios</span> <span class='ocrx_word' id='word_1_54' title='bbox 760 793 972 842; x_wconf 84' lang='lat' dir='ltr'>perfidiose</span> <span class='ocrx_word' id='word_1_55' title='bbox 1012 794 1178 842; x_wconf 75' lang='lat' dir='ltr'>gratiam</span> <span class='ocrx_word' id='word_1_56' title='bbox 1218 807 1353 831; x_wconf 89' lang='lat' dir='ltr'>eorum</span> <span class='ocrx_word' id='word_1_57' title='bbox 1394 797 1615 843; x_wconf 83' lang='lat' dir='ltr'>captantes,</span> <span class='ocrx_word' id='word_1_58' title='bbox 1655 807 1782 844; x_wconf 89' lang='lat' dir='ltr'>neque</span> 
     </span>
     <span class='ocr_line' id='line_1_8' title="bbox 284 862 1782 912; baseline -0.001 -13"><span class='ocrx_word' id='word_1_59' title='bbox 284 862 417 899; x_wconf 73' lang='lat' dir='ltr'>aediles</span> <span class='ocrx_word' id='word_1_60' title='bbox 455 876 527 912; x_wconf 89' lang='lat' dir='ltr'>pro</span> <span class='ocrx_word' id='word_1_61' title='bbox 568 862 742 898; x_wconf 84' lang='lat' dir='ltr'>subiecto</span> <span class='ocrx_word' id='word_1_62' title='bbox 782 862 899 898; x_wconf 86' lang='lat' dir='ltr'>huius</span> <span class='ocrx_word' id='word_1_63' title='bbox 938 864 1147 898; x_wconf 83' lang='lat' dir='ltr'>sententiae</span> <span class='ocrx_word' id='word_1_64' title='bbox 1194 875 1277 898; x_wconf 88' lang='lat' dir='ltr'>esse</span> <span class='ocrx_word' id='word_1_65' title='bbox 1314 864 1502 911; x_wconf 84' lang='lat' dir='ltr'>possunt,</span> <span class='ocrx_word' id='word_1_66' title='bbox 1543 862 1611 899; x_wconf 90' lang='lat' dir='ltr'>sed</span> <span class='ocrx_word' id='word_1_67' title='bbox 1648 863 1782 912; x_wconf 87' lang='lat' dir='ltr'>potius</span> 
     </span>
     <span class='ocr_line' id='line_1_9' title="bbox 282 928 1782 979; baseline 0 -13"><span class='ocrx_word' id='word_1_68' title='bbox 282 943 354 978; x_wconf 89' lang='lat' dir='ltr'>pro</span> <span class='ocrx_word' id='word_1_69' title='bbox 382 930 547 967; x_wconf 86' lang='lat' dir='ltr'>obiecto.</span> <span class='ocrx_word' id='word_1_70' title='bbox 594 929 679 966; x_wconf 87' lang='lat' dir='ltr'>Hoc</span> <span class='ocrx_word' id='word_1_71' title='bbox 703 928 826 976; x_wconf 85' lang='lat' dir='ltr'>fieret,</span> <span class='ocrx_word' id='word_1_72' title='bbox 860 932 893 966; x_wconf 92' lang='lat' dir='ltr'>si</span> <span class='ocrx_word' id='word_1_73' title='bbox 924 941 996 979; x_wconf 87' lang='lat' dir='ltr'>pro</span> <span class='ocrx_word' id='word_1_74' title='bbox 1033 928 1193 975; x_wconf 83' lang='lat' dir='ltr'>„duint“</span> <span class='ocrx_word' id='word_1_75' title='bbox 1230 930 1430 979; x_wconf 87' lang='lat' dir='ltr'>legeretur</span> <span class='ocrx_word' id='word_1_76' title='bbox 1466 930 1565 977; x_wconf 88' lang='lat' dir='ltr'>„sibi</span> <span class='ocrx_word' id='word_1_77' title='bbox 1598 930 1782 968; x_wconf 88' lang='lat' dir='ltr'>concilia-</span> 
     </span>
     <span class='ocr_line' id='line_1_10' title="bbox 282 996 1783 1046; baseline 0 -11"><span class='ocrx_word' id='word_1_78' title='bbox 282 996 439 1036; x_wconf 77' lang='lat' dir='ltr'>uerint“</span> <span class='ocrx_word' id='word_1_79' title='bbox 485 1002 552 1034; x_wconf 85' lang='lat' dir='ltr'>aut</span> <span class='ocrx_word' id='word_1_80' title='bbox 590 997 718 1034; x_wconf 88' lang='lat' dir='ltr'>simile</span> <span class='ocrx_word' id='word_1_81' title='bbox 759 997 866 1046; x_wconf 85' lang='lat' dir='ltr'>quid.</span> <span class='ocrx_word' id='word_1_82' title='bbox 929 997 1040 1043; x_wconf 81' lang='lat' dir='ltr'>Quod</span> <span class='ocrx_word' id='word_1_83' title='bbox 1087 1010 1207 1046; x_wconf 87' lang='lat' dir='ltr'>quum</span> <span class='ocrx_word' id='word_1_84' title='bbox 1252 998 1361 1035; x_wconf 86' lang='lat' dir='ltr'>nulla</span> <span class='ocrx_word' id='word_1_85' title='bbox 1407 1001 1636 1036; x_wconf 85' lang='lat' dir='ltr'>coniectura</span> <span class='ocrx_word' id='word_1_86' title='bbox 1681 997 1783 1036; x_wconf 88' lang='lat' dir='ltr'>effici</span> 
     </span>
     <span class='ocr_line' id='line_1_11' title="bbox 282 1064 1784 1116; baseline -0.001 -13"><span class='ocrx_word' id='word_1_87' title='bbox 282 1079 397 1116; x_wconf 87' lang='lat' dir='ltr'>posse</span> <span class='ocrx_word' id='word_1_88' title='bbox 427 1066 625 1112; x_wconf 83' lang='lat' dir='ltr'>videatur,</span> <span class='ocrx_word' id='word_1_89' title='bbox 659 1065 880 1101; x_wconf 88' lang='lat' dir='ltr'>abiicienda</span> <span class='ocrx_word' id='word_1_90' title='bbox 919 1069 976 1102; x_wconf 87' lang='lat' dir='ltr'>est</span> <span class='ocrx_word' id='word_1_91' title='bbox 1013 1067 1092 1102; x_wconf 91' lang='lat' dir='ltr'>ista</span> <span class='ocrx_word' id='word_1_92' title='bbox 1131 1066 1352 1103; x_wconf 86' lang='lat' dir='ltr'>emendatio</span> <span class='ocrx_word' id='word_1_93' title='bbox 1387 1064 1633 1114; x_wconf 79' lang='lat' dir='ltr'>(„aediles“),</span> <span class='ocrx_word' id='word_1_94' title='bbox 1667 1079 1784 1115; x_wconf 89' lang='lat' dir='ltr'>quam</span> 
     </span>
     <span class='ocr_line' id='line_1_12' title="bbox 282 1133 1783 1183; baseline 0 -13"><span class='ocrx_word' id='word_1_95' title='bbox 282 1138 426 1183; x_wconf 83' lang='lat' dir='ltr'>praeter</span> <span class='ocrx_word' id='word_1_96' title='bbox 464 1134 696 1170; x_wconf 82' lang='lat' dir='ltr'>facilitatem</span> <span class='ocrx_word' id='word_1_97' title='bbox 735 1133 835 1169; x_wconf 88' lang='lat' dir='ltr'>nihil</span> <span class='ocrx_word' id='word_1_98' title='bbox 873 1133 1130 1170; x_wconf 85' lang='lat' dir='ltr'>commendat.</span> <span class='ocrx_word' id='word_1_99' title='bbox 1190 1133 1331 1183; x_wconf 83' lang='lat' dir='ltr'>Itaque</span> <span class='ocrx_word' id='word_1_100' title='bbox 1371 1135 1449 1171; x_wconf 86' lang='lat' dir='ltr'>alia</span> <span class='ocrx_word' id='word_1_101' title='bbox 1484 1135 1550 1171; x_wconf 84' lang='lat' dir='ltr'>via</span> <span class='ocrx_word' id='word_1_102' title='bbox 1581 1135 1783 1181; x_wconf 85' lang='lat' dir='ltr'>ingressus</span> 
     </span>
     <span class='ocr_line' id='line_1_13' title="bbox 285 1197 1785 1252; baseline 0 -14"><span class='ocrx_word' id='word_1_103' title='bbox 285 1203 461 1251; x_wconf 83' lang='lat' dir='ltr'>corrupti</span> <span class='ocrx_word' id='word_1_104' title='bbox 511 1201 691 1239; x_wconf 85' lang='lat' dir='ltr'>vocabuli</span> <span class='ocrx_word' id='word_1_105' title='bbox 744 1197 943 1239; x_wconf 48' lang='lat' dir='ltr'>(cessibiles</span> <span class='ocrx_word' id='word_1_106' title='bbox 994 1203 1168 1251; x_wconf 81' lang='lat' dir='ltr'>priorem</span> <span class='ocrx_word' id='word_1_107' title='bbox 1221 1206 1377 1251; x_wconf 87' lang='lat' dir='ltr'>partem</span> <span class='ocrx_word' id='word_1_108' title='bbox 1423 1216 1470 1239; x_wconf 84' lang='lat' dir='ltr'>ex</span> <span class='ocrx_word' id='word_1_109' title='bbox 1515 1202 1785 1252; x_wconf 79' lang='lat' dir='ltr'>dittographia</span> 
     </span>
     <span class='ocr_line' id='line_1_14' title="bbox 285 1266 1782 1316; baseline 0 -10"><span class='ocrx_word' id='word_1_110' title='bbox 285 1270 553 1306; x_wconf 86' lang='lat' dir='ltr'>antecedentis</span> <span class='ocrx_word' id='word_1_111' title='bbox 584 1282 667 1306; x_wconf 81' lang='lat' dir='ltr'>voe.</span> <span class='ocrx_word' id='word_1_112' title='bbox 705 1267 850 1315; x_wconf 71' lang='lat' dir='ltr'>„adeo“</span> <span class='ocrx_word' id='word_1_113' title='bbox 895 1273 1023 1306; x_wconf 87' lang='lat' dir='ltr'>ortam</span> <span class='ocrx_word' id='word_1_114' title='bbox 1063 1270 1278 1307; x_wconf 85' lang='lat' dir='ltr'>arbitratus</span> <span class='ocrx_word' id='word_1_115' title='bbox 1317 1266 1420 1308; x_wconf 72' lang='lat' dir='ltr'>biles</span> <span class='ocrx_word' id='word_1_116' title='bbox 1459 1270 1676 1308; x_wconf 87' lang='lat' dir='ltr'>scribebam</span> <span class='ocrx_word' id='word_1_117' title='bbox 1709 1269 1782 1316; x_wconf 87' lang='lat' dir='ltr'>vel,</span> 
     </span>
     <span class='ocr_line' id='line_1_15' title="bbox 285 1334 1785 1387; baseline -0.001 -13"><span class='ocrx_word' id='word_1_118' title='bbox 285 1351 332 1374; x_wconf 89' lang='lat' dir='ltr'>ne</span> <span class='ocrx_word' id='word_1_119' title='bbox 364 1338 530 1387; x_wconf 85' lang='lat' dir='ltr'>pluralis</span> <span class='ocrx_word' id='word_1_120' title='bbox 561 1350 745 1374; x_wconf 89' lang='lat' dir='ltr'>numerus</span> <span class='ocrx_word' id='word_1_121' title='bbox 776 1338 817 1373; x_wconf 88' lang='lat' dir='ltr'>in</span> <span class='ocrx_word' id='word_1_122' title='bbox 848 1337 921 1374; x_wconf 91' lang='lat' dir='ltr'>hoc</span> <span class='ocrx_word' id='word_1_123' title='bbox 951 1350 1032 1374; x_wconf 84' lang='lat' dir='ltr'>voc.</span> <span class='ocrx_word' id='word_1_124' title='bbox 1068 1337 1300 1385; x_wconf 88' lang='lat' dir='ltr'>offenderet,</span> <span class='ocrx_word' id='word_1_125' title='bbox 1334 1334 1475 1385; x_wconf 69' lang='lat' dir='ltr'>bil6m3</span> <span class='ocrx_word' id='word_1_126' title='bbox 1514 1339 1658 1385; x_wconf 89' lang='lat' dir='ltr'>„bilem</span> <span class='ocrx_word' id='word_1_127' title='bbox 1690 1337 1785 1374; x_wconf 87' lang='lat' dir='ltr'>dare</span> 
     </span>
     <span class='ocr_line' id='line_1_16' title="bbox 287 1404 1788 1455; baseline 0 -14"><span class='ocrx_word' id='word_1_128' title='bbox 287 1404 427 1442; x_wconf 76' lang='lat' dir='ltr'>alicui“</span> <span class='ocrx_word' id='word_1_129' title='bbox 465 1408 595 1442; x_wconf 81' lang='lat' dir='ltr'>autem</span> <span class='ocrx_word' id='word_1_130' title='bbox 626 1405 724 1441; x_wconf 90' lang='lat' dir='ltr'>nihil</span> <span class='ocrx_word' id='word_1_131' title='bbox 756 1405 914 1442; x_wconf 82' lang='lat' dir='ltr'>differre</span> <span class='ocrx_word' id='word_1_132' title='bbox 945 1405 1154 1442; x_wconf 88' lang='lat' dir='ltr'>videbatur</span> <span class='ocrx_word' id='word_1_133' title='bbox 1186 1405 1234 1442; x_wconf 91' lang='lat' dir='ltr'>ab</span> <span class='ocrx_word' id='word_1_134' title='bbox 1271 1419 1329 1453; x_wconf 89' lang='lat' dir='ltr'>eo,</span> <span class='ocrx_word' id='word_1_135' title='bbox 1364 1406 1471 1455; x_wconf 89' lang='lat' dir='ltr'>quod</span> <span class='ocrx_word' id='word_1_136' title='bbox 1501 1406 1619 1455; x_wconf 86' lang='lat' dir='ltr'>vulgo</span> <span class='ocrx_word' id='word_1_137' title='bbox 1653 1405 1788 1443; x_wconf 90' lang='lat' dir='ltr'>dicunt</span> 
     </span>
     <span class='ocr_line' id='line_1_17' title="bbox 291 1471 1787 1521; baseline 0 -12"><span class='ocrx_word' id='word_1_138' title='bbox 291 1473 434 1519; x_wconf 90' lang='lat' dir='ltr'>„bilem</span> <span class='ocrx_word' id='word_1_139' title='bbox 466 1471 663 1509; x_wconf 70' lang='lat' dir='ltr'>move1·e“.</span> <span class='ocrx_word' id='word_1_140' title='bbox 724 1472 861 1509; x_wconf 89' lang='lat' dir='ltr'>Totius</span> <span class='ocrx_word' id='word_1_141' title='bbox 901 1473 976 1510; x_wconf 87' lang='lat' dir='ltr'>loci</span> <span class='ocrx_word' id='word_1_142' title='bbox 1012 1473 1273 1510; x_wconf 88' lang='lat' dir='ltr'>conformatio</span> <span class='ocrx_word' id='word_1_143' title='bbox 1306 1487 1352 1511; x_wconf 88' lang='lat' dir='ltr'>ea</span> <span class='ocrx_word' id='word_1_144' title='bbox 1383 1478 1458 1521; x_wconf 89' lang='lat' dir='ltr'>est,</span> <span class='ocrx_word' id='word_1_145' title='bbox 1491 1477 1537 1511; x_wconf 87' lang='lat' dir='ltr'>ut</span> <span class='ocrx_word' id='word_1_146' title='bbox 1568 1474 1615 1510; x_wconf 88' lang='lat' dir='ltr'>de</span> <span class='ocrx_word' id='word_1_147' title='bbox 1645 1473 1787 1510; x_wconf 89' lang='lat' dir='ltr'>iisdem</span> 
     </span>
     <span class='ocr_line' id='line_1_18' title="bbox 286 1540 1788 1592; baseline -0.001 -15"><span class='ocrx_word' id='word_1_148' title='bbox 286 1540 507 1577; x_wconf 87' lang='lat' dir='ltr'>hominibus</span> <span class='ocrx_word' id='word_1_149' title='bbox 562 1543 624 1589; x_wconf 88' lang='lat' dir='ltr'>agi</span> <span class='ocrx_word' id='word_1_150' title='bbox 680 1544 891 1590; x_wconf 83' lang='lat' dir='ltr'>appareat,</span> <span class='ocrx_word' id='word_1_151' title='bbox 941 1541 987 1578; x_wconf 91' lang='lat' dir='ltr'>de</span> <span class='ocrx_word' id='word_1_152' title='bbox 1033 1542 1254 1578; x_wconf 82' lang='lat' dir='ltr'>fautoribus</span> <span class='ocrx_word' id='word_1_153' title='bbox 1299 1544 1538 1592; x_wconf 89' lang='lat' dir='ltr'>importunis</span> <span class='ocrx_word' id='word_1_154' title='bbox 1589 1542 1788 1590; x_wconf 87' lang='lat' dir='ltr'>variisque</span> 
     </span>
     <span class='ocr_line' id='line_1_19' title="bbox 286 1608 1787 1660; baseline 0.001 -16"><span class='ocrx_word' id='word_1_155' title='bbox 286 1609 519 1655; x_wconf 86' lang='lat' dir='ltr'>rationibus,</span> <span class='ocrx_word' id='word_1_156' title='bbox 549 1608 689 1657; x_wconf 89' lang='lat' dir='ltr'>quibus</span> <span class='ocrx_word' id='word_1_157' title='bbox 714 1609 908 1655; x_wconf 87' lang='lat' dir='ltr'>histrioni,</span> <span class='ocrx_word' id='word_1_158' title='bbox 938 1611 1000 1646; x_wconf 89' lang='lat' dir='ltr'>cui</span> <span class='ocrx_word' id='word_1_159' title='bbox 1026 1610 1168 1656; x_wconf 87' lang='lat' dir='ltr'>favent,</span> <span class='ocrx_word' id='word_1_160' title='bbox 1196 1610 1369 1659; x_wconf 87' lang='lat' dir='ltr'>palmam</span> <span class='ocrx_word' id='word_1_161' title='bbox 1394 1622 1620 1660; x_wconf 88' lang='lat' dir='ltr'>comparare</span> <span class='ocrx_word' id='word_1_162' title='bbox 1645 1621 1787 1646; x_wconf 88' lang='lat' dir='ltr'>conan-</span> 
     </span>
     <span class='ocr_line' id='line_1_20' title="bbox 290 1676 1790 1726; baseline -0.001 -13"><span class='ocrx_word' id='word_1_163' title='bbox 290 1681 367 1713; x_wconf 89' lang='lat' dir='ltr'>tur.</span> <span class='ocrx_word' id='word_1_164' title='bbox 428 1676 496 1713; x_wconf 87' lang='lat' dir='ltr'>Fit</span> <span class='ocrx_word' id='word_1_165' title='bbox 527 1680 657 1713; x_wconf 86' lang='lat' dir='ltr'>autem</span> <span class='ocrx_word' id='word_1_166' title='bbox 687 1676 759 1713; x_wconf 88' lang='lat' dir='ltr'>hoc</span> <span class='ocrx_word' id='word_1_167' title='bbox 791 1676 1024 1726; x_wconf 82' lang='lat' dir='ltr'>dupliciter,</span> <span class='ocrx_word' id='word_1_168' title='bbox 1065 1681 1134 1714; x_wconf 89' lang='lat' dir='ltr'>aut</span> <span class='ocrx_word' id='word_1_169' title='bbox 1172 1678 1398 1725; x_wconf 86' lang='lat' dir='ltr'>ambiendo,</span> <span class='ocrx_word' id='word_1_170' title='bbox 1438 1679 1470 1715; x_wconf 89' lang='lat' dir='ltr'>si</span> <span class='ocrx_word' id='word_1_171' title='bbox 1510 1677 1709 1715; x_wconf 87' lang='lat' dir='ltr'>laudando</span> <span class='ocrx_word' id='word_1_172' title='bbox 1751 1679 1790 1712; x_wconf 91' lang='lat' dir='ltr'>et</span> 
     </span>
     <span class='ocr_line' id='line_1_21' title="bbox 288 1744 1787 1796; baseline 0.001 -16"><span class='ocrx_word' id='word_1_173' title='bbox 288 1744 485 1794; x_wconf 82' lang='lat' dir='ltr'>precando</span> <span class='ocrx_word' id='word_1_174' title='bbox 527 1758 637 1781; x_wconf 89' lang='lat' dir='ltr'>suum</span> <span class='ocrx_word' id='word_1_175' title='bbox 678 1746 847 1781; x_wconf 88' lang='lat' dir='ltr'>amicum</span> <span class='ocrx_word' id='word_1_176' title='bbox 886 1745 1051 1782; x_wconf 87' lang='lat' dir='ltr'>alterius</span> <span class='ocrx_word' id='word_1_177' title='bbox 1091 1745 1217 1783; x_wconf 85' lang='lat' dir='ltr'>favori</span> <span class='ocrx_word' id='word_1_178' title='bbox 1256 1750 1295 1783; x_wconf 90' lang='lat' dir='ltr'>et</span> <span class='ocrx_word' id='word_1_179' title='bbox 1329 1748 1467 1796; x_wconf 88' lang='lat' dir='ltr'>gratiae</span> <span class='ocrx_word' id='word_1_180' title='bbox 1500 1744 1787 1791; x_wconf 85' lang='lat' dir='ltr'>commendant,</span> 
     </span>
     <span class='ocr_line' id='line_1_22' title="bbox 289 1811 1788 1863; baseline 0 -14"><span class='ocrx_word' id='word_1_181' title='bbox 289 1816 357 1849; x_wconf 88' lang='lat' dir='ltr'>aut</span> <span class='ocrx_word' id='word_1_182' title='bbox 388 1813 585 1849; x_wconf 84' lang='lat' dir='ltr'>contrario</span> <span class='ocrx_word' id='word_1_183' title='bbox 625 1813 742 1849; x_wconf 90' lang='lat' dir='ltr'>modo</span> <span class='ocrx_word' id='word_1_184' title='bbox 777 1811 1025 1862; x_wconf 65' lang='lat' dir='ltr'>perfidiose,</span> <span class='ocrx_word' id='word_1_185' title='bbox 1060 1814 1093 1850; x_wconf 84' lang='lat' dir='ltr'>si</span> <span class='ocrx_word' id='word_1_186' title='bbox 1124 1815 1163 1850; x_wconf 90' lang='lat' dir='ltr'>in</span> <span class='ocrx_word' id='word_1_187' title='bbox 1195 1815 1360 1851; x_wconf 85' lang='lat' dir='ltr'>rivalem</span> <span class='ocrx_word' id='word_1_188' title='bbox 1392 1815 1474 1852; x_wconf 87' lang='lat' dir='ltr'>eius</span> <span class='ocrx_word' id='word_1_189' title='bbox 1506 1816 1605 1851; x_wconf 89' lang='lat' dir='ltr'>iram</span> <span class='ocrx_word' id='word_1_190' title='bbox 1636 1815 1788 1863; x_wconf 87' lang='lat' dir='ltr'>specta-</span> 
     </span>
     <span class='ocr_line' id='line_1_23' title="bbox 287 1880 1788 1932; baseline 0.001 -16"><span class='ocrx_word' id='word_1_191' title='bbox 287 1884 418 1917; x_wconf 84' lang='lat' dir='ltr'>torum</span> <span class='ocrx_word' id='word_1_192' title='bbox 458 1884 628 1918; x_wconf 88' lang='lat' dir='ltr'>movent.</span> <span class='ocrx_word' id='word_1_193' title='bbox 689 1881 911 1931; x_wconf 89' lang='lat' dir='ltr'>Utrumque</span> <span class='ocrx_word' id='word_1_194' title='bbox 959 1882 1094 1918; x_wconf 85' lang='lat' dir='ltr'>eadem</span> <span class='ocrx_word' id='word_1_195' title='bbox 1134 1882 1220 1931; x_wconf 88' lang='lat' dir='ltr'>lege</span> <span class='ocrx_word' id='word_1_196' title='bbox 1258 1882 1472 1932; x_wconf 87' lang='lat' dir='ltr'>eademque</span> <span class='ocrx_word' id='word_1_197' title='bbox 1509 1895 1623 1932; x_wconf 83' lang='lat' dir='ltr'>poena</span> <span class='ocrx_word' id='word_1_198' title='bbox 1660 1880 1788 1918; x_wconf 91' lang='lat' dir='ltr'>vindi-</span> 
     </span>
     <span class='ocr_line' id='line_1_24' title="bbox 289 1948 1789 1999; baseline 0 -15"><span class='ocrx_word' id='word_1_199' title='bbox 289 1948 454 1984; x_wconf 87' lang='lat' dir='ltr'>candum</span> <span class='ocrx_word' id='word_1_200' title='bbox 495 1952 564 1985; x_wconf 88' lang='lat' dir='ltr'>est.</span> <span class='ocrx_word' id='word_1_201' title='bbox 625 1948 745 1985; x_wconf 81' lang='lat' dir='ltr'>Aliud</span> <span class='ocrx_word' id='word_1_202' title='bbox 777 1948 959 1986; x_wconf 83' lang='lat' dir='ltr'>Gertzius</span> <span class='ocrx_word' id='word_1_203' title='bbox 997 1953 1278 1999; x_wconf 85' lang='lat' dir='ltr'>proposuerat:</span> <span class='ocrx_word' id='word_1_204' title='bbox 1332 1950 1448 1997; x_wconf 86' lang='lat' dir='ltr'>„Siue</span> <span class='ocrx_word' id='word_1_205' title='bbox 1487 1950 1584 1987; x_wconf 88' lang='lat' dir='ltr'>adeo</span> <span class='ocrx_word' id='word_1_206' title='bbox 1624 1949 1789 1987; x_wconf 86' lang='lat' dir='ltr'>odibiles</span> 
     </span>
     <span class='ocr_line' id='line_1_25' title="bbox 288 2015 1790 2065; baseline 0.001 -13"><span class='ocrx_word' id='word_1_207' title='bbox 288 2015 498 2064; x_wconf 88' lang='lat' dir='ltr'>perfidiose</span> <span class='ocrx_word' id='word_1_208' title='bbox 537 2016 631 2065; x_wconf 90' lang='lat' dir='ltr'>quid</span> <span class='ocrx_word' id='word_1_209' title='bbox 672 2015 824 2063; x_wconf 80' lang='lat' dir='ltr'>duint“,</span> <span class='ocrx_word' id='word_1_210' title='bbox 857 2018 881 2054; x_wconf 91' lang='lat' dir='ltr'>i.</span> <span class='ocrx_word' id='word_1_211' title='bbox 916 2030 948 2054; x_wconf 85' lang='lat' dir='ltr'>e.</span> <span class='ocrx_word' id='word_1_212' title='bbox 981 2016 1070 2054; x_wconf 82' lang='lat' dir='ltr'>Sive</span> <span class='ocrx_word' id='word_1_213' title='bbox 1101 2018 1198 2054; x_wconf 85' lang='lat' dir='ltr'>adeo</span> <span class='ocrx_word' id='word_1_214' title='bbox 1230 2017 1355 2055; x_wconf 89' lang='lat' dir='ltr'>odiosi</span> <span class='ocrx_word' id='word_1_215' title='bbox 1391 2019 1457 2055; x_wconf 89' lang='lat' dir='ltr'>isti</span> <span class='ocrx_word' id='word_1_216' title='bbox 1487 2018 1664 2055; x_wconf 89' lang='lat' dir='ltr'>homines</span> <span class='ocrx_word' id='word_1_217' title='bbox 1697 2017 1790 2054; x_wconf 83' lang='lat' dir='ltr'>doni</span> 
     </span>
     <span class='ocr_line' id='line_1_26' title="bbox 290 2084 972 2133; baseline 0.003 -13"><span class='ocrx_word' id='word_1_218' title='bbox 290 2087 357 2120; x_wconf 87' lang='lat' dir='ltr'>aut</span> <span class='ocrx_word' id='word_1_219' title='bbox 388 2085 564 2133; x_wconf 72' lang='lat' dir='ltr'>pecuniae</span> <span class='ocrx_word' id='word_1_220' title='bbox 597 2084 749 2133; x_wconf 87' lang='lat' dir='ltr'>aliquid</span> <span class='ocrx_word' id='word_1_221' title='bbox 781 2084 972 2122; x_wconf 88' lang='lat' dir='ltr'>dederint.</span> 
     </span>
    </p>

    <p class='ocr_par' dir='ltr' id='par_1_3' title="bbox 288 2147 1792 2944">
     <span class='ocr_line' id='line_1_27' title="bbox 404 2147 1788 2202; baseline 0.001 -14"><span class='ocrx_word' id='word_1_222' title='bbox 404 2152 468 2188; x_wconf 79' lang='lat'>73.</span> <span class='ocrx_word' id='word_1_223' title='bbox 504 2147 735 2200; x_wconf 69' lang='lat' dir='ltr'>Sz&#39;rempse,</span> <span class='ocrx_word' id='word_1_224' title='bbox 769 2154 794 2189; x_wconf 92' lang='lat' dir='ltr'>i.</span> <span class='ocrx_word' id='word_1_225' title='bbox 828 2166 860 2189; x_wconf 86' lang='lat' dir='ltr'>e.</span> <span class='ocrx_word' id='word_1_226' title='bbox 894 2153 1070 2190; x_wconf 90' lang='lat' dir='ltr'>eandem.</span> <span class='ocrx_word' id='word_1_227' title='bbox 1132 2153 1320 2190; x_wconf 88' lang='lat' dir='ltr'>Formula</span> <span class='ocrx_word' id='word_1_228' title='bbox 1350 2155 1391 2190; x_wconf 90' lang='lat' dir='ltr'>in</span> <span class='ocrx_word' id='word_1_229' title='bbox 1423 2153 1596 2202; x_wconf 88' lang='lat' dir='ltr'>antiquis</span> <span class='ocrx_word' id='word_1_230' title='bbox 1632 2152 1788 2200; x_wconf 84' lang='lat' dir='ltr'>legibus</span> 
     </span>
     <span class='ocr_line' id='line_1_28' title="bbox 289 2218 1786 2270; baseline 0.002 -16"><span class='ocrx_word' id='word_1_231' title='bbox 289 2218 472 2268; x_wconf 81' lang='lat' dir='ltr'>frequens</span> <span class='ocrx_word' id='word_1_232' title='bbox 516 2220 704 2269; x_wconf 85' lang='lat' dir='ltr'>„siremps</span> <span class='ocrx_word' id='word_1_233' title='bbox 742 2220 805 2257; x_wconf 86' lang='lat' dir='ltr'>lex</span> <span class='ocrx_word' id='word_1_234' title='bbox 837 2223 940 2267; x_wconf 81' lang='lat' dir='ltr'>esto⁷</span> <span class='ocrx_word' id='word_1_235' title='bbox 975 2221 1087 2269; x_wconf 86' lang='lat' dir='ltr'>quasi</span> <span class='ocrx_word' id='word_1_236' title='bbox 1120 2219 1252 2267; x_wconf 73' lang='lat' dir='ltr'>cett.“,</span> <span class='ocrx_word' id='word_1_237' title='bbox 1286 2221 1366 2258; x_wconf 83' lang='lat' dir='ltr'>vid.</span> <span class='ocrx_word' id='word_1_238' title='bbox 1398 2220 1484 2259; x_wconf 91' lang='lat' dir='ltr'>Ind.</span> <span class='ocrx_word' id='word_1_239' title='bbox 1518 2220 1633 2270; x_wconf 85' lang='lat' dir='ltr'>Corp.</span> <span class='ocrx_word' id='word_1_240' title='bbox 1666 2220 1786 2257; x_wconf 79' lang='lat' dir='ltr'>Insor.</span> 
     </span>
     <span class='ocr_line' id='line_1_29' title="bbox 289 2286 1789 2339; baseline 0.001 -16"><span class='ocrx_word' id='word_1_241' title='bbox 289 2286 375 2323; x_wconf 88' lang='lat' dir='ltr'>Lat.</span> <span class='ocrx_word' id='word_1_242' title='bbox 408 2287 445 2334; x_wconf 91' lang='lat' dir='ltr'>I,</span> <span class='ocrx_word' id='word_1_243' title='bbox 478 2300 515 2336; x_wconf 88' lang='lat' dir='ltr'>p.</span> <span class='ocrx_word' id='word_1_244' title='bbox 552 2290 644 2326; x_wconf 82' lang='lat'>595.</span> <span class='ocrx_word' id='word_1_245' title='bbox 707 2288 998 2325; x_wconf 86' lang='lat' dir='ltr'>Commemorat</span> <span class='ocrx_word' id='word_1_246' title='bbox 1028 2291 1144 2325; x_wconf 89' lang='lat' dir='ltr'>etiam</span> <span class='ocrx_word' id='word_1_247' title='bbox 1176 2288 1316 2325; x_wconf 88' lang='lat' dir='ltr'>Festus</span> <span class='ocrx_word' id='word_1_248' title='bbox 1347 2303 1386 2339; x_wconf 90' lang='lat' dir='ltr'>p.</span> <span class='ocrx_word' id='word_1_249' title='bbox 1421 2290 1521 2336; x_wconf 74' lang='lat'>344,</span> <span class='ocrx_word' id='word_1_250' title='bbox 1556 2289 1636 2337; x_wconf 89' lang='lat' dir='ltr'>qui,</span> <span class='ocrx_word' id='word_1_251' title='bbox 1669 2301 1789 2338; x_wconf 89' lang='lat' dir='ltr'>quum</span> 
     </span>
     <span class='ocr_line' id='line_1_30' title="bbox 289 2355 1789 2406; baseline 0.001 -15"><span class='ocrx_word' id='word_1_252' title='bbox 289 2368 427 2403; x_wconf 83' lang='lat' dir='ltr'>parum</span> <span class='ocrx_word' id='word_1_253' title='bbox 460 2355 629 2393; x_wconf 89' lang='lat' dir='ltr'>feliciter</span> <span class='ocrx_word' id='word_1_254' title='bbox 661 2358 851 2405; x_wconf 84' lang='lat' dir='ltr'>originem</span> <span class='ocrx_word' id='word_1_255' title='bbox 884 2358 989 2393; x_wconf 87' lang='lat' dir='ltr'>vocis</span> <span class='ocrx_word' id='word_1_256' title='bbox 1023 2357 1210 2406; x_wconf 85' lang='lat' dir='ltr'>explicet,</span> <span class='ocrx_word' id='word_1_257' title='bbox 1244 2357 1345 2394; x_wconf 91' lang='lat' dir='ltr'>illud</span> <span class='ocrx_word' id='word_1_258' title='bbox 1373 2360 1506 2394; x_wconf 86' lang='lat' dir='ltr'>tamen</span> <span class='ocrx_word' id='word_1_259' title='bbox 1537 2359 1641 2394; x_wconf 88' lang='lat' dir='ltr'>recte</span> <span class='ocrx_word' id='word_1_260' title='bbox 1672 2356 1789 2393; x_wconf 86' lang='lat' dir='ltr'>intel-</span> 
     </span>
     <span class='ocr_line' id='line_1_31' title="bbox 290 2422 1788 2474; baseline 0.001 -16"><span class='ocrx_word' id='word_1_261' title='bbox 290 2422 403 2468; x_wconf 85' lang='lat' dir='ltr'>lexit,</span> <span class='ocrx_word' id='word_1_262' title='bbox 436 2426 697 2471; x_wconf 87' lang='lat' dir='ltr'>posteriorem</span> <span class='ocrx_word' id='word_1_263' title='bbox 737 2426 844 2460; x_wconf 79' lang='lat' dir='ltr'>vocis</span> <span class='ocrx_word' id='word_1_264' title='bbox 884 2428 1038 2473; x_wconf 87' lang='lat' dir='ltr'>partem</span> <span class='ocrx_word' id='word_1_265' title='bbox 1072 2438 1155 2461; x_wconf 87' lang='lat' dir='ltr'>esse</span> <span class='ocrx_word' id='word_1_266' title='bbox 1187 2438 1405 2473; x_wconf 90' lang='lat' dir='ltr'>pronomen</span> <span class='ocrx_word' id='word_1_267' title='bbox 1438 2439 1474 2474; x_wconf 88' lang='lat' dir='ltr'>q.</span> <span class='ocrx_word' id='word_1_268' title='bbox 1507 2438 1538 2462; x_wconf 86' lang='lat' dir='ltr'>e.</span> <span class='ocrx_word' id='word_1_269' title='bbox 1571 2427 1673 2473; x_wconf 90' lang='lat' dir='ltr'>ipse,</span> <span class='ocrx_word' id='word_1_270' title='bbox 1706 2437 1788 2461; x_wconf 87' lang='lat' dir='ltr'>ree-</span> 
     </span>
     <span class='ocr_line' id='line_1_32' title="bbox 288 2490 1787 2542; baseline 0.001 -16"><span class='ocrx_word' id='word_1_271' title='bbox 288 2493 407 2538; x_wconf 86' lang='lat' dir='ltr'>teque</span> <span class='ocrx_word' id='word_1_272' title='bbox 439 2490 630 2540; x_wconf 86' lang='lat' dir='ltr'>Scaliger,</span> <span class='ocrx_word' id='word_1_273' title='bbox 673 2491 722 2528; x_wconf 85' lang='lat' dir='ltr'>ad</span> <span class='ocrx_word' id='word_1_274' title='bbox 765 2504 879 2540; x_wconf 89' lang='lat' dir='ltr'>quem</span> <span class='ocrx_word' id='word_1_275' title='bbox 919 2492 1003 2528; x_wconf 88' lang='lat' dir='ltr'>laus</span> <span class='ocrx_word' id='word_1_276' title='bbox 1041 2493 1217 2542; x_wconf 87' lang='lat' dir='ltr'>pertinet</span> <span class='ocrx_word' id='word_1_277' title='bbox 1257 2493 1371 2530; x_wconf 88' lang='lat' dir='ltr'>huius</span> <span class='ocrx_word' id='word_1_278' title='bbox 1416 2506 1552 2531; x_wconf 89' lang='lat' dir='ltr'>versus</span> <span class='ocrx_word' id='word_1_279' title='bbox 1598 2493 1787 2537; x_wconf 89' lang='lat' dir='ltr'>restituti,</span> 
     </span>
     <span class='ocr_line' id='line_1_33' title="bbox 291 2558 1789 2610; baseline 0.002 -18"><span class='ocrx_word' id='word_1_280' title='bbox 291 2570 337 2593; x_wconf 85' lang='lat' dir='ltr'>ex</span> <span class='ocrx_word' id='word_1_281' title='bbox 369 2558 569 2595; x_wconf 85' lang='lat' dir='ltr'>codicibus</span> <span class='ocrx_word' id='word_1_282' title='bbox 602 2558 800 2596; x_wconf 84' lang='lat' dir='ltr'>Plautinis</span> <span class='ocrx_word' id='word_1_283' title='bbox 832 2570 851 2596; x_wconf 83' lang='lat' dir='ltr'>e</span> <span class='ocrx_word' id='word_1_284' title='bbox 882 2558 998 2596; x_wconf 84' lang='lat' dir='ltr'>finale</span> <span class='ocrx_word' id='word_1_285' title='bbox 1030 2561 1216 2607; x_wconf 88' lang='lat' dir='ltr'>retinuit,</span> <span class='ocrx_word' id='word_1_286' title='bbox 1257 2564 1301 2597; x_wconf 90' lang='lat' dir='ltr'>ut</span> <span class='ocrx_word' id='word_1_287' title='bbox 1338 2561 1428 2598; x_wconf 90' lang='lat' dir='ltr'>huic</span> <span class='ocrx_word' id='word_1_288' title='bbox 1468 2573 1625 2610; x_wconf 86' lang='lat' dir='ltr'>quoque</span> <span class='ocrx_word' id='word_1_289' title='bbox 1655 2560 1789 2596; x_wconf 88' lang='lat' dir='ltr'>formae</span> 
     </span>
     <span class='ocr_line' id='line_1_34' title="bbox 292 2627 1790 2677; baseline 0.003 -18"><span class='ocrx_word' id='word_1_290' title='bbox 292 2638 368 2660; x_wconf 88' lang='lat' dir='ltr'>non</span> <span class='ocrx_word' id='word_1_291' title='bbox 406 2627 535 2661; x_wconf 77' lang='lat' dir='ltr'>minus</span> <span class='ocrx_word' id='word_1_292' title='bbox 577 2639 692 2674; x_wconf 84' lang='lat' dir='ltr'>quam</span> <span class='ocrx_word' id='word_1_293' title='bbox 733 2637 919 2675; x_wconf 68' lang='lat' dir='ltr'>eumpse,</span> <span class='ocrx_word' id='word_1_294' title='bbox 962 2638 1144 2675; x_wconf 67' lang='lat' dir='ltr'>emnpse,</span> <span class='ocrx_word' id='word_1_295' title='bbox 1185 2638 1205 2664; x_wconf 77' lang='lat' dir='ltr'><em>e</em></span> <span class='ocrx_word' id='word_1_296' title='bbox 1244 2628 1425 2675; x_wconf 84' lang='lat' dir='ltr'>adderet,</span> <span class='ocrx_word' id='word_1_297' title='bbox 1474 2628 1578 2677; x_wconf 87' lang='lat' dir='ltr'>quod</span> <span class='ocrx_word' id='word_1_298' title='bbox 1624 2631 1790 2664; x_wconf 89' lang='lat' dir='ltr'>metrum</span> 
     </span>
     <span class='ocr_line' id='line_1_35' title="bbox 290 2691 1789 2745; baseline 0.003 -19"><span class='ocrx_word' id='word_1_299' title='bbox 290 2691 453 2739; x_wconf 82' lang='lat' dir='ltr'>flagitat.</span> <span class='ocrx_word' id='word_1_300' title='bbox 486 2713 541 2717; x_wconf 91' lang='lat'>—</span> <span class='ocrx_word' id='word_1_301' title='bbox 578 2695 642 2730; x_wconf 77' lang='lat'>74.</span> <span class='ocrx_word' id='word_1_302' title='bbox 682 2692 811 2743; x_wconf 60' lang='lat' dir='ltr'>Quasi</span> <span class='ocrx_word' id='word_1_303' title='bbox 841 2692 1146 2743; x_wconf 63' lang='lat' dir='ltr'>magyistmtmn.</span> <span class='ocrx_word' id='word_1_304' title='bbox 1209 2696 1355 2734; x_wconf 86' lang='lat' dir='ltr'>Versus</span> <span class='ocrx_word' id='word_1_305' title='bbox 1389 2710 1411 2733; x_wconf 88' lang='lat' dir='ltr'>a</span> <span class='ocrx_word' id='word_1_306' title='bbox 1441 2696 1789 2745; x_wconf 85' lang='lat' dir='ltr'>proceleusmatico</span> 
     </span>
     <span class='ocr_line' id='line_1_36' title="bbox 292 2759 1792 2811; baseline 0.003 -17"><span class='ocrx_word' id='word_1_307' title='bbox 292 2760 441 2808; x_wconf 88' lang='lat' dir='ltr'>incipit,</span> <span class='ocrx_word' id='word_1_308' title='bbox 468 2773 502 2795; x_wconf 90' lang='lat' dir='ltr'>v.</span> <span class='ocrx_word' id='word_1_309' title='bbox 528 2773 565 2808; x_wconf 92' lang='lat' dir='ltr'>p.</span> <span class='ocrx_word' id='word_1_310' title='bbox 597 2763 686 2798; x_wconf 78' lang='lat'>181.</span> <span class='ocrx_word' id='word_1_311' title='bbox 734 2762 881 2798; x_wconf 73' lang='lat' dir='ltr'>Muller</span> <span class='ocrx_word' id='word_1_312' title='bbox 911 2762 1055 2808; x_wconf 76' lang='lat' dir='ltr'>„Quasi</span> <span class='ocrx_word' id='word_1_313' title='bbox 1079 2763 1153 2800; x_wconf 85' lang='lat' dir='ltr'>sibi</span> <span class='ocrx_word' id='word_1_314' title='bbox 1178 2763 1305 2811; x_wconf 84' lang='lat' dir='ltr'>mag.“</span> <span class='ocrx_word' id='word_1_315' title='bbox 1334 2763 1515 2801; x_wconf 89' lang='lat' dir='ltr'>malebat.</span> <span class='ocrx_word' id='word_1_316' title='bbox 1568 2759 1792 2801; x_wconf 70' lang='lat' dir='ltr'>ambiuer‘it</span> 
     </span>
     <span class='ocr_line' id='line_1_37' title="bbox 291 2827 1791 2881; baseline 0.003 -20"><span class='ocrx_word' id='word_1_317' title='bbox 291 2827 322 2861; x_wconf 83' lang='lat' dir='ltr'>si</span> <span class='ocrx_word' id='word_1_318' title='bbox 355 2840 489 2862; x_wconf 85' lang='lat' dir='ltr'>verum</span> <span class='ocrx_word' id='word_1_319' title='bbox 530 2831 605 2873; x_wconf 84' lang='lat' dir='ltr'>cst,</span> <span class='ocrx_word' id='word_1_320' title='bbox 646 2829 882 2866; x_wconf 78' lang='lat' dir='ltr'>audiendum</span> <span class='ocrx_word' id='word_1_321' title='bbox 914 2843 986 2878; x_wconf 87' lang='lat' dir='ltr'>pro</span> <span class='ocrx_word' id='word_1_322' title='bbox 1019 2830 1195 2867; x_wconf 84' lang='lat' dir='ltr'>subiecto</span> <span class='ocrx_word' id='word_1_323' title='bbox 1232 2830 1442 2881; x_wconf 85' lang='lat' dir='ltr'>„aliquis“,</span> <span class='ocrx_word' id='word_1_324' title='bbox 1475 2831 1581 2880; x_wconf 89' lang='lat' dir='ltr'>quod</span> <span class='ocrx_word' id='word_1_325' title='bbox 1611 2834 1702 2880; x_wconf 87' lang='lat' dir='ltr'>post</span> <span class='ocrx_word' id='word_1_326' title='bbox 1730 2833 1791 2867; x_wconf 85' lang='lat' dir='ltr'>tot</span> 
     </span>
     <span class='ocr_line' id='line_1_38' title="bbox 291 2894 1790 2944; baseline 0.003 -15"><span class='ocrx_word' id='word_1_327' title='bbox 291 2894 462 2942; x_wconf 74' lang='lat' dir='ltr'>pluralia</span> <span class='ocrx_word' id='word_1_328' title='bbox 493 2895 556 2931; x_wconf 88' lang='lat' dir='ltr'>vix</span> <span class='ocrx_word' id='word_1_329' title='bbox 587 2896 667 2932; x_wconf 70' lang='lat' dir='ltr'>veri</span> <span class='ocrx_word' id='word_1_330' title='bbox 701 2897 825 2932; x_wconf 72' lang='lat' dir='ltr'>simile</span> <span class='ocrx_word' id='word_1_331' title='bbox 853 2901 927 2942; x_wconf 56' lang='grc' dir='ltr'>θεῖς</span> <span class='ocrx_word' id='word_1_332' title='bbox 961 2894 1212 2935; x_wconf 59' lang='grc' dir='ltr'>αηιὺίῑιενῖηί</span> <span class='ocrx_word' id='word_1_333' title='bbox 1236 2900 1521 2936; x_wconf 84' lang='lat' dir='ltr'>emendandum</span> <span class='ocrx_word' id='word_1_334' title='bbox 1546 2898 1715 2944; x_wconf 81' lang='lat' dir='ltr'>videtur,</span> <span class='ocrx_word' id='word_1_335' title='bbox 1746 2901 1790 2934; x_wconf 81' lang='lat' dir='ltr'>ut</span> 
     </span>
    </p>
   </div>
   <div class='ocr_carea' id='block_1_3' title="bbox 1922 0 1926 963">
    <p class='ocr_par' dir='ltr' id='par_1_4' title="bbox 1922 0 1926 963">
     <span class='ocr_line' id='line_1_39' title="bbox 1922 0 1926 963; baseline 0 0"><span class='ocrx_word' id='word_1_336' title='bbox 1922 0 1926 963; x_wconf 95' lang='lat' dir='ltr'> </span> 
     </span>
    </p>
   </div>
  </div>
 </body>
</html>
