1926 3275
205 270 286 310 408
864 263 1046 300 Asinaria.

204 400 244 434 et
273 395 464 433 similibus
494 395 624 432 verbis
655 395 838 443 frequens
870 397 938 440 est,
972 393 1019 430 cf.
1045 392 1150 430 Men.
1179 393 1272 430 829.
1306 391 1426 429 Stich.
1462 391 1525 428 26.
1557 390 1700 428 Pseud.

205 466 282 503 781
310 478 366 514 sq.
412 464 569 501 Lucret.
596 464 625 509 I,
652 464 752 500 722:
790 462 1015 510 „minantur
1044 474 1085 498 se
1117 460 1303 510 colligere
1327 457 1447 497 iras“.
1490 458 1577 497 Cas.
1597 459 1699 496 265:

208 533 394 582 „promisi
426 529 559 577 dare“,
593 531 640 567 cf.
674 530 769 568 Cist.
805 531 898 567 372.
945 529 1052 566 Trin.
1089 530 1123 565 5.
1168 527 1279 566 Curc.
1314 528 1406 565 666.
1448 527 1570 565 Mero.
1604 527 1698 564 622.

202 600 322 638 Most.
353 600 479 645 10663
512 602 596 635 tum
623 597 716 635 Cist.
750 598 851 635 412:
887 597 1069 645 „adiurat
1100 610 1139 633 se
1169 593 1431 633 monstrare“.
1480 595 1590 633 Cure.
1625 596 1701 632 72:

207 682 293 717 „me
329 668 474 705 inferre
504 667 647 703 Veneri
677 664 812 712 uoui“,
846 666 893 703 cf.
926 665 977 702 ib.
1015 666 1105 702 181.
1154 664 1255 701 Rud.
1293 665 1391 702 589:
1438 663 1581 714 „prodi
1613 676 1700 713 spe-

203 733 345 782 rauit“,
386 735 489 772 infra
531 736 622 772 692.
677 734 765 771 Ter.
798 733 898 771 Eun.
935 734 1026 771 520.
1068 733 1116 770 al.
1179 732 1234 770 Cf.
1279 745 1399 781 supra
1435 745 1471 769 v.
1506 732 1600 769 439.
1646 752 1703 757 —

207 806 298 842 598.
330 803 404 850 Fl.‚
438 816 514 853 quo
547 802 830 840 commodiores
863 805 992 839 essent
1021 800 1174 838 numeri
1209 803 1303 847 „tuo
1335 797 1443 837 face“
1479 799 1613 837 edidit.
1645 820 1703 824 -—

207 874 297 910 599.
331 872 426 909 Post
457 867 549 908 male
580 870 712 907 hiatus
743 871 783 907 in
816 883 974 908 caesura.
1001 890 1057 894 ——
1087 870 1179 906 600.
1215 867 1411 918 quemdum
1433 867 1590 917 potest,
1621 867 1699 905 vid.

202 940 345 990 Amph.
372 940 465 977 964.
512 939 594 975 Fl.:
633 936 808 988 „potis“;
840 951 917 975 non
949 951 1060 988 opus.
1096 958 1146 961 —
1182 938 1273 974 602.
1306 932 1400 985 Eyo
1441 933 1519 983 (vel
1550 938 1583 974 si
1613 949 1701 985 per-

203 1009 424 1059 spicuitatis
451 1020 565 1044 causa
589 1020 673 1043 cum
697 1006 756 1043 Fl.
787 1002 948 1054 ‚.Egon“
977 1002 1140 1052 scribas)
1174 1005 1314 1042 ultima
1343 1004 1540 1054 producta
1569 1005 1701 1054 legen-

204 1077 295 1114 dum
326 1075 500 1122 videtur,
533 1089 568 1111 v.
604 1075 650 1112 ad
682 1075 824 1124 Amph.
862 1076 952 1112 196.
1015 1073 1127 1120 Quod
1159 1074 1190 1110 si
1221 1087 1300 1110 11011
1333 1073 1578 1119 admittitur,
1610 1075 1704 1122 post

202 1142 240 1181 si
275 1145 406 1181 hiatus
445 1147 520 1189 est,
562 1144 672 1180 cuius
712 1143 938 1180 removendi
977 1156 1094 1179 causa
1124 1142 1184 1179 Fl.
1231 1139 1350 1191 „ego“
1393 1141 1584 1187 addebat,
1626 1141 1703 1177 alia

203 1212 390 1262 Spengel,
423 1212 551 1249 Pla-it.
584 1225 622 1261 p.
658 1212 750 1249 226.
786 1231 839 1236 —
873 1212 965 1249 604.
999 1208 1272 1258 αθηὶεθῑίνῖωη,
1311 1210 1334 1246 i.
1369 1223 1400 1246 e.
1437 1209 1701 1256 dimissurum,

202 1280 280 1317 vid.
321 1280 370 1317 ad
410 1279 563 1316 Curcul.
600 1281 690 1316 598.
752 1279 870 1316 Most.
905 1280 1005 1316 424:
1058 1278 1238 1327 „Habeo,
1285 1277 1486 1327 Neptune,
1534 1278 1702 1325 gratiam

203 1361 382 1396 magnam
414 1347 498 1394 tibi,
533 1361 649 1397 quom
680 1361 741 1384 me
772 1348 938 1384 amisisti
971 1361 992 1383 a
1022 1351 1060 1384 te
1090 1347 1157 1383 uix
1187 1347 1321 1383 uiuom
1353 1344 1513 1383 modo“.
1560 1343 1615 1383 Ut
1646 1345 1700 1382 ibi

208 1431 254 1464 ..a
284 1414 362 1463 te“,
395 1417 449 1453 sic
481 1416 517 1452 h.
550 1417 574 1452 l.
612 1413 685 1453 tibi
716 1416 896 1462 additur,
940 1415 1046 1465 quod
1077 1414 1137 1451 Fl.
1170 1417 1211 1452 in
1247 1410 1393 1463 „mihi“
1434 1414 1613 1451 mutavit.
1647 1433 1704 1437 -—

206 1486 297 1523 606.
330 1485 475 1522 Versus
507 1497 622 1521 causa
651 1483 712 1520 Fl.
749 1485 906 1532 „omnia
936 1485 975 1520 in
1008 1480 1093 1520 me“
1137 1482 1262 1519 edidit
1299 1485 1450 1519 mutato
1489 1481 1701 1519 verborum

205 1554 353 1590 ordine.
409 1552 495 1600 Ego
526 1552 658 1589 malim
691 1566 776 1589 011111
807 1552 952 1589 Bothio
984 1551 1149 1588 verbum
1182 1551 1475 1589 substantivum
1507 1550 1700 1587 omittere.

204 1642 260 1646 —
278 1622 368 1659 607.
388 1621 460 1657 Hic
479 1633 636 1670 quoque
653 1620 870 1657 omittenda
887 1623 1002 1657 erunt
1017 1619 1209 1656 vocabula
1227 1619 1328 1656 male
1346 1619 1528 1669 repetita,
1552 1614 1698 1666 „mihi⁴‘

204 1691 242 1726 in
261 1694 437 1726 extremo
455 1702 571 1726 versu
589 1692 628 1725 et
648 1692 715 1737 „tu
733 1686 812 1736 es“,
833 1689 937 1738 quod
956 1689 994 1725 in
1012 1689 1145 1738 priore
1163 1689 1361 1725 sententia
1371 1687 1466 1724 ferri
1477 1688 1545 1724 Vix
1556 1690 1701 1737 potest.

205 1758 353 1795 Camer.
386 1770 467 1794 voc.
500 1753 603 1793 mihi
633 1757 681 1794 ab
715 1759 820 1794 exitu
851 1757 966 1793 huius
997 1770 1132 1793 versus
1163 1757 1202 1792 in
1233 1757 1472 1805 principium
1499 1757 1705 1805 sequentis

205 1826 409 1862 transferri
440 1825 607 1871 volebat,
640 1825 756 1862 Both.
783 1825 917 1870 deleri,
942 1824 1010 1861 sed
1035 1824 1169 1861 abesse
1195 1837 1273 1861 non
1298 1827 1442 1874 potest.
1483 1822 1544 1860 Fl.
1569 1824 1703 1873 priore

210 1892 353 1937 ..mihi“
388 1895 528 1930 omisso
560 1893 641 1929 ed.:
679 1892 733 1940 „O
765 1893 879 1929 melle
906 1893 1009 1929 dulci
1035 1892 1187 1929 dulcior
1210 1886 1299 1928 tu’s.
1346 1891 1428 1928 PH.
1462 1891 1575 1929 Certe
1601 1892 1703 1928 enim

204 1967 248 1999 tu
287 1962 382 1998 mihi
421 1956 579 1998 uita's“.
613 1982 668 1986 —
700 1963 792 1998 609.
827 1960 866 1998 Si
906 1974 1040 1997 versus
1079 1964 1184 1998 recte
1223 1959 1429 2006 scribitur,
1472 1959 1601 1996 hiatus
1647 1962 1706 1996 est

205 2034 297 2080 post
323 2026 495 2066 Libane.
543 2030 710 2078 Antiqui
742 2029 829 2065 edd.
863 2029 936 2066 hoc
968 2042 1108 2065 nomen
1135 2027 1409 2078 geminabant,
1441 2027 1501 2064 Fl.
1532 2028 1590 2075 „is
1617 2025 1700 2064 est“

208 2099 288 2145 ed.;
328 2098 474 2135 Miiller
517 2097 690 2144 „Libane
730 2096 807 2134 mi“
850 2098 1069 2147 proposuit.
1106 2116 1154 2122 —-
1191 2097 1281 2133 610.
1317 2093 1386 2145 qud
1407 2092 1583 2143 pendet,
1622 2095 1701 2132 vid.

209 2167 257 2203 ad
290 2168 381 2204 297.
429 2166 472 2203 In
506 2166 589 2203 cod.
620 2165 649 2202 B
683 2165 867 2202 Leonidae
898 2165 1021 2202 verba
1052 2178 1073 2201 a
1103 2177 1184 2201 voc.
1223 2161 1360 2211 „Scio“
1395 2164 1609 2214 incipiunt,
1643 2163 1702 2200 Fl.

209 2250 227 2271 a
259 2236 439 2285 proximo
473 2234 625 2270 demum
659 2247 775 2270 versu
806 2233 973 2270 orditur.
1034 2233 1175 2269 Parum
1207 2232 1338 2269 refert.

324 2304 416 2339 612.
456 2300 620 2352 fumus,
669 2303 735 2351 qui
780 2302 1012 2339 lacrimosus
1053 2301 1198 2338 dicitur
1235 2300 1331 2337 Hor.
1374 2299 1455 2337 Sat.
1489 2300 1525 2347 I,
1562 2303 1602 2347 5,
1637 2302 1701 2337 80.

210 2371 320 2407 Ovid.
354 2371 450 2407 Met.
483 2370 537 2416 X,
580 2371 614 2406 6.
661 2390 717 2394 —-
764 2371 855 2407 613.
900 2367 1160 2407 {animantes
1206 2369 1299 2406 olim
1346 2369 1606 2406 emendatum.
1649 2389 1705 2393 —

211 2440 303 2475 614.
341 2436 488 2485 ,.Eum“
517 2439 657 2487 inquit,
689 2438 780 2487 „qui
804 2439 1050 2474 manumissis
1076 2438 1186 2474 vobis
1211 2441 1400 2487 patronus
1423 2437 1578 2474 futurus
1605 2441 1701 2482 erat,

212 2508 407 2552 amisistis,
440 2520 528 2543 nam
562 2519 632 2555 ego
664 2507 742 2542 iam
773 2509 941 2543 mortem
973 2503 1128 2543 obibo“.
1156 2527 1211 2530 —
1239 2507 1317 2543 618
1347 2520 1404 2555 sq.
1439 2505 1602 2542 Servum
1633 2505 1702 2541 1111-

209 2575 402 2624 pudenter
442 2578 641 2624 optantem
680 2574 797 2610 herus
835 2575 1009 2623 graviter
1042 2574 1256 2622 obiurgans
1287 2578 1416 2610 tacere
1446 2573 1567 2610 iubet.
1631 2572 1702 2618 Qui

209 2646 416 2692 postquam
449 2643 486 2678 in
527 2642 642 2678 :iliam
684 2643 917 2679 sententiam
959 2656 1000 2678 se
1037 2642 1119 2679 haec
1159 2642 1301 2678 dixisse
1340 2642 1544 2691 purgavit,
1584 2640 1703 2677 herus

211 2710 307 2746 nihil
339 2710 486 2755 obiicit,
520 2722 595 2757 quo
626 2711 752 2746 minus
779 2710 883 2759 quod
910 2710 1007 2747 velit
1033 2709 1148 2746 dicat.
1197 2710 1281 2756 Quo
1309 2712 1468 2758 arrepto
1493 2707 1701 2755 Leonidas,

212 2778 320 2826 quasi
353 2790 455 2813 nova
486 2777 619 2813 oblata
652 2777 815 2826 optandi
847 2779 1062 2824 occasione,
1097 2778 1170 2815 sibi
1202 2778 1325 2814 libere
1351 2777 1447 2814 dicit
1471 2789 1701 2813 conservum

212 2844 402 2881 Libanum
436 2844 662 2890 verberare,
698 2845 730 2880 is
762 2847 887 2881 autem
920 2859 955 2882 v.
991 2846 1069 2882 620
1102 2845 1314 2894 respondet
1344 2857 1485 2894 parum
1517 2843 1703 2880 credibile
