1926 3275
238 329 322 368 404
896 325 1078 360 Asinaria.

243 452 410 505 „eugae“
456 454 703 492 scribendum
745 468 827 491 esse
858 454 1050 492 Biicheler
1087 454 1301 501 intellexit,
1336 454 1436 491 Ann.
1476 454 1572 504 phil.
1609 455 1727 503 1863,

237 536 275 572 p.
302 524 394 560 772.
427 523 609 572 Vulgaris
640 522 891 559 librariorum
924 536 1033 560 error
1064 526 1135 569 est,
1169 526 1213 559 ut
1235 521 1269 559 E
1299 535 1371 573 pro
1395 521 1428 559 F
1454 526 1522 559 aut
1545 522 1577 559 F
1599 536 1674 573 pro
1696 522 1730 560 E

237 590 422 628 scribant.
484 590 546 628 Sic
584 591 623 626 in
663 590 907 627 antecedenti
953 604 1066 628 versu
1117 588 1293 637 „forum“
1335 604 1407 640 pro
1452 588 1649 638 „eorum“,
1688 592 1730 628 in

237 659 325 696 Aul.
361 660 451 696 667.
499 658 619 695 Most.
656 658 733 694 674
780 656 916 708 „fuge“
960 671 1031 708 pro
1075 656 1220 707 „euge“
1263 659 1466 709 scriptum.
1503 679 1558 684 ——
1586 656 1729 708 potiti,

237 727 316 764 vid.
346 727 394 763 ad
418 726 559 776 Amph.
590 727 679 762 175.
711 746 767 750 —-
799 727 890 763 549.
924 726 1069 764 Versus
1100 740 1147 763 ne
1180 730 1270 763 ante
1302 726 1483 764 diaeresin
1515 726 1730 777 spondeum

238 794 411 840 haberet,
438 793 497 830 Fl.
526 793 607 830 ed.:
646 793 825 840 „Uirtute
856 793 895 830 id
928 794 1098 843 conlegae
1129 794 1245 832 huius
1279 791 1388 841 [mei]
1421 807 1584 844 meaque
1615 795 1730 832 comi-

236 861 360 899 tate“.
387 883 440 887 —
467 858 654 911 cowlesstw
679 862 725 899 cf.
750 863 840 899 569.
865 883 920 887 —
945 859 1140 910 comitate,
1166 863 1190 900 i.
1218 876 1249 900 e.
1274 862 1466 899 facilitate
1491 862 1729 911 adiuvantis,

239 931 283 967 ef.
317 930 400 967 Mil.
437 931 506 967 79:
554 929 672 976 „mihi
712 929 759 966 ad
800 930 1059 968 enarrandum
1098 930 1169 968 hoc
1209 933 1521 979 argumentumst
1555 932 1728 978 comitas,

238 997 276 1034 Si
317 997 364 1034 ad
405 997 704 1034 auscultandum
744 1001 874 1035 uostra
916 999 991 1035 erit
1028 997 1290 1047 benignitas“.
1352 998 1459 1035 Trin.
1496 999 1593 1036 356:
1640 999 1730 1049 „qui

239 1067 413 1102 comitati
450 1066 568 1102 simus
599 1065 969 1103 beneuolentibus“.
1002 1088 1058 1092 —
1092 1068 1181 1105 550.
1215 1066 1359 1103 Versus
1392 1079 1505 1103 causa
1535 1066 1594 1104 Fl.
1632 1067 1731 1114 „Qui

236 1137 335 1170 mest
373 1134 435 1170 uir
473 1131 639 1171 fortior“
684 1135 851 1184 scripsit.
915 1134 1017 1181 Quid
1048 1136 1079 1172 si
1113 1136 1320 1173 omittatur
1356 1134 1517 1172 verbum
1550 1135 1730 1172 substan·

236 1202 370 1248 tivum,
403 1205 447 1238 ut
477 1216 511 1238 v.
549 1201 656 1239 548?
690 1222 744 1226 —
778 1203 868 1239 551.
902 1199 1066 1252 Edepol
1093 1201 1174 1253 qui,
1207 1202 1283 1239 vid.
1313 1202 1361 1239 ad
1386 1202 1526 1252 Amph.
1555 1204 1647 1240 769.
1690 1203 1731 1240 Si

237 1269 344 1306 locus
376 1271 531 1318 integer
564 1273 620 1305 est
658 1269 738 1316 „Tu
770 1268 887 1307 vero“
930 1271 1059 1321 inquit
1105 1273 1299 1318 „virtutes
1338 1274 1425 1307 tuas
1456 1274 1536 1307 tam
1568 1270 1731 1308 laudare

236 1340 362 1387 potes,
398 1351 513 1388 quam
548 1351 616 1387 ego
648 1337 855 1374 malefacta
888 1337 995 1386 tua“,
1028 1342 1071 1376 ut
1101 1339 1354 1389 hypothetice
1394 1338 1605 1376 efferantur
1645 1353 1729 1389 quae

238 1405 467 1455 simpliciter
493 1405 725 1442 declaranda
754 1411 875 1453 erant,
903 1409 1011 1445 cuius
1037 1409 1092 1444 rei
1117 1408 1299 1456 quoniam
1324 1408 1516 1444 rationem
1537 1407 1728 1455 desidero,

237 1474 368 1510 malim
395 1487 477 1510 011111
505 1473 663 1511 Gertzio
689 1484 765 1511 11011
792 1488 864 1524 pro
896 1485 1003 1512 ¹nunc*
1034 1475 1215 1512 scribere.
1263 1475 1307 1511 In
1339 1479 1473 1512 nostra
1505 1475 1563 1512 ed.
1599 1489 1730 1512 errore

236 1542 507 1590 interrogandi
548 1544 699 1591 signum
738 1543 908 1592 positum
951 1547 1007 1580 est
1047 1546 1137 1592 post
1172 1557 1206 1580 v.
1244 1544 1340 1589 552,
1380 1545 1423 1579 ut
1462 1543 1502 1580 in
1533 1543 1728 1590 Pareana3

240 1607 308 1658 qni
344 1609 413 1646 illo
452 1610 536 1645 1000
575 1612 746 1658 positum
785 1611 1111 1659 interrogativum
1152 1625 1232 1648 esse
1271 1611 1418 1661 nequit.
1479 1611 1559 1648 Nec
1604 1613 1730 1660 magis

238 1678 445 1714 relativum
481 1690 562 1713 esse
594 1681 733 1728 potest,
769 1679 873 1728 quod
904 1679 1115 1716 voluerunt
1142 1680 1321 1730 plerique
1347 1679 1437 1716 inde
1461 1693 1482 1716 a
1507 1678 1729 1718 Camerario

238 1749 275 1781 et
315 1745 504 1782 Lambino
545 1746 591 1781 ad
624 1746 702 1792 FL,
745 1748 810 1796 qui
850 1748 903 1783 sic
941 1747 1043 1784 hunc
1082 1748 1208 1784 locum
1247 1747 1505 1784 refinxerunt:
1555 1747 1731 1799 „Edepol

236 1814 396 1850 uirtutis
443 1815 509 1862 qui
555 1818 642 1850 tuas
688 1829 788 1851 1111110,
833 1816 956 1864 possit
1005 1816 1249 1862 collaudare,
1416 1815 1495 1862 „Ne
1542 1816 1607 1853 ille.
1650 1847 1692 1854 ..

238 1895 449 1917 memorare
496 1883 615 1918 inulta
665 1881 830 1931 possit“,
889 1887 925 1919 et
970 1884 1075 1920 iusto
1128 1884 1310 1920 licentius
1364 1897 1433 1920 nec
1486 1884 1566 1920 sine
1619 1886 1730 1934 gravi

237 1949 468 1996 tautologia.
534 1945 601 1985 [Ua
634 1946 775 1997 onvdf‘a,
811 1953 832 1986 i.
863 1968 893 1989 ‹·.
927 1952 1032 1987 illius
1065 1952 1218 2000 generis
1249 1951 1384 1988 multa.
1419 1972 1472 1976 —
1507 1953 1598 1989 554.
1634 1948 1729 2000 Ubi,

239 2017 260 2053 i.
295 2030 325 2052 e.
371 2030 446 2065 qua
489 2019 708 2064 occasione,
751 2019 796 2054 cf.
839 2019 884 2055 ad
924 2018 1067 2068 Amph.
1112 2019 1203 2055 246.
1245 2039 1297 2043 —
1339 2020 1428 2055 555.
1466 2016 1602 2057 uerbis
1641 2030 1730 2057 6οη-

239 2082 376 2132 flepz‘r's,
410 2085 433 2120 i.
469 2099 499 2120 e.
534 2086 608 2121 rite
641 2087 915 2134 pronuntiatis,
951 2087 1075 2122 altero
1107 2090 1307 2135 praeeunte
1342 2086 1553 2123 solemnem
1584 2087 1729 2125 formu-

235 2152 335 2198 lam,
376 2153 414 2188 in
456 2166 531 2202 qua
572 2157 654 2188 (mot
700 2155 752 2199 „si
793 2155 916 2190 sciens
957 2153 1075 2190 fallo“
1113 2152 1228 2201 (Plin.
1261 2153 1405 2203 Paneg.
1442 2153 1510 2202 64)
1551 2159 1617 2192 aut
1659 2169 1730 2202 „ex

238 2221 356 2256 animi
389 2219 605 2257 8011101111ῑῦι
645 2219 738 2268 (flio.
759 2221 829 2257 Off.
848 2221 917 2267 HI,
947 2223 1010 2268 29,
1037 2220 1154 2269 108),
1187 2222 1233 2258 cf.
1260 2222 1398 2259 Bacch.
1430 2223 1547 2260 1021.
1596 2223 1728 2260 Senec.

236 2287 353 2324 Mort.
372 2288 504 2325 Claud.
539 2290 570 2334 l,
601 2290 634 2325 3.
669 2289 745 2326 Cic.
771 2303 843 2339 pro
862 2289 1013 2326 Cluent.
1042 2291 1105 2336 48,
1137 2291 1234 2327 134:
1274 2290 1397 2336 „dixit
1428 2304 1467 2327 se
1498 2292 1596 2328 seire
1621 2291 1729 2329 illum

238 2356 433 2405 conceptis
473 2356 602 2393 verbis
641 2355 875 2406 pei‹.¹i·asf=e“.
910 2378 963 2381 -
998 2359 1088 2394 557.
1121 2367 1244 2407 saepe
1274 2362 1364 2408 post
1396 2355 1525 2396 mulsa
1566 2361 1606 2397 in
1645 2372 1729 2397 sen-

235 2424 357 2459 tentia
389 2425 573 2472 primaria
610 2424 792 2461 abundat.
856 2425 954 2461 ltem
988 2438 1020 2461 v,
1059 2426 1148 2462 567.
1205 2425 1258 2463 Cf.
1293 2426 1339 2462 ad
1373 2426 1514 2475 Amph.
1551 2427 1643 2464 158.
1676 2447 1730 2451 —

228 2488 435 2538 pendam,
476 2492 551 2528 vid.
595 2506 707 2541 supra
751 2493 796 2528 ad
837 2507 870 2528 v.
907 2494 998 2529 207.
1038 2513 1081 2517 —-
1127 2489 1307 2531 Causam
1340 2491 1510 2531 differis.
1574 2493 1726 2541 Servus,

237 2559 305 2607 qui
335 2559 563 2595 verberatus
596 2559 779 2597 adversus
813 2559 1011 2597 wariiifices
1044 2561 1236 2597 exclamat
1277 2565 1315 2598 et
1349 2562 1607 2608 lamentatur,
1643 2576 1728 2599 cum

237 2638 305 2662 reo
338 2631 584 2677 comparatur
615 2628 651 2664 in
684 2628 830 2665 iudicio
864 2632 997 2666 contra
1031 2632 1294 2666 accusatorem
1327 2642 1365 2665 se
1398 2629 1643 2666 defendente.
1676 2651 1729 2655 —

242 2687 359 2740 Oeta,
401 2694 446 2731 cf.
481 2695 619 2744 Amph.
657 2697 745 2732 150.
780 2697 881 2733 infra
915 2697 1005 2733 567.
1038 2717 1094 2723 ν·-
1130 2698 1220 2734 558.
1252 2693 1428 2734 Astutos
1460 2711 1478 2734 a
1512 2711 1627 2735 sensu
1664 2698 1728 2735 ab·

236 2759 396 2797 horrere
441 2762 593 2811 pridem
642 2763 954 2801 animadversum
1003 2767 1073 2801 est.
1135 2765 1215 2801 Iam
1256 2764 1460 2802 Turnebus
1507 2778 1553 2802 ex
1598 2765 1729 2815 glossa

238 2827 364 2875 Festi,
405 2828 507 2879 Epis.
541 2844 578 2879 p.
615 2832 685 2866 520:
734 2831 928 2877 „Artitus‚
971 2831 1082 2868 bonis
1123 2833 1337 2870 instructus
1377 2831 1550 2870 artibus“
1593 2847 1727 2871 verum

238 2896 403 2933 inveniri
434 2910 548 2947 posse
580 2897 690 2944 vidit,
725 2898 791 2935 sed
825 2898 928 2949 quod
960 2901 1176 2945 παντέχνους
1208 2902 1416 2947 enarravit,
1444 2903 1606 2948 erravit,
1639 2914 1727 2938 nam

236 2965 380 3002 artitus
427 2978 504 3003 non
548 2965 669 3016 magis
715 2965 762 3003 ab
808 2969 891 3004 arte
937 2966 1108 3004 derivari
1153 2971 1283 3017 potest
1324 2982 1440 3018 quam
1480 2969 1668 3007 mentitus
1707 2982 1731 3006 a
