1926 3275
290 310 371 348 224
895 304 1174 349 Prolegomena.

289 449 372 472 sum
405 448 488 471 esse
518 435 663 480 visum;
696 448 766 470 nec
797 434 837 470 in
867 434 950 470 ulla
980 447 1021 469 re
1052 434 1181 470 minus
1222 434 1408 471 successit
1437 434 1630 481 Mffllero,
1664 447 1782 484 quam

289 503 393 552 quod
424 503 498 540 hoc
529 515 685 551 quoque
715 514 861 549 negare
893 506 1056 538 conatus
1089 505 1149 538 est
1182 499 1237 551 (p.
1268 503 1345 538 725
1379 500 1498 552 sqq).

402 571 530 608 Etiam
561 571 600 606 in
631 569 900 618 bisyllabis
926 569 1105 618 Spengel.
1138 583 1176 618 p.
1206 570 1285 607 204
1320 569 1600 606 animadvertit
1630 570 1782 607 hiatum

287 640 467 685 inveniri,
493 639 560 675 ubi
586 639 714 675 soluta
749 635 874 684 „arsi“
910 638 934 673 i.
962 651 993 674 e.
1026 638 1141 683 thesi,
1169 640 1214 674 ut
1236 651 1307 674 nos
1333 638 1542 687 loquimur,
1570 651 1642 687 pro
1666 639 1784 688 longa

287 707 437 756 syllaba
466 709 639 755 ponatur
669 719 744 742 vox
775 709 842 742 aut
870 705 1089 754 pyrrhichii
1119 719 1341 743 mensuram
1371 706 1517 743 habens
1549 710 1617 743 aut
1647 706 1780 754 iambi,

288 776 354 824 qui
393 778 578 823 correpta
614 775 754 811 ultima
793 777 883 810 ante
922 773 1098 810 vocalem
1146 777 1372 823 sequentem
1411 774 1662 823 pyrrhichius
1699 774 1780 811 fiat.

286 843 368 879 Hoc
401 856 556 891 quoque
587 842 779 878 Mullerus
810 842 1034 891 impugnat,
1066 855 1104 891 p.
1140 842 1218 879 699
1252 855 1358 891 sqq.,
1399 842 1467 879 sed
1505 842 1671 879 sublatis
1702 855 1781 879 om-

286 911 419 957 nibus,
461 923 546 960 quae
588 911 663 947 alia
703 911 839 959 quavis
878 909 926 945 de
963 922 1080 946 causa
1112 909 1231 946 dubia
1259 909 1463 956 videntur,
1498 913 1635 947 tantus
1666 910 1782 947 relin-

287 979 419 1026 quitur
471 978 739 1027 exemplorum
790 990 994 1024 numerus,
1042 981 1087 1014 ut
1133 977 1181 1014 de
1225 991 1267 1014 re
1312 979 1378 1015 vix
1424 977 1605 1015 dubitare
1650 978 1780 1015 liceat.

285 1046 428 1082 Videas
459 1046 568 1082 Asin.
603 1046 701 1082 314:
736 1045 809 1082 sibi
840 1058 932 1082 esse.
984 1045 1093 1094 Capt.
1127 1046 1229 1082 413:
1261 1045 1334 1082 tibi
1367 1059 1411 1082 ea
1443 1049 1662 1083 euenerunt
1696 1044 1783 1093 (aut

285 1117 374 1163 post
408 1112 528 1161 ‚‚tibi“
565 1116 633 1150 aut
662 1117 754 1163 post
791 1112 883 1159 „ea“
918 1111 1080 1161 hiatur).
1131 1114 1230 1150 816:
1266 1113 1340 1150 sibi
1361 1113 1499 1151 AEtoli.
1547 1113 1657 1151 Cure.
1679 1115 1779 1151 267:

285 1182 357 1218 tibi
374 1182 532 1219 auxilio.
567 1180 651 1218 Cas.
674 1183 743 1218 50:
771 1181 843 1218 sibi
864 1185 1043 1230 uterque.
1078 1183 1178 1218 752:
1205 1181 1299 1218 mihi
1324 1182 1529 1218 inanitate.
1564 1182 1657 1219 Cist.
1678 1183 1778 1219 329:

285 1249 358 1286 tibi
388 1263 561 1286 uxorem.
622 1249 726 1286 Men.
763 1251 862 1287 382:
903 1250 978 1286 tibi
1010 1253 1058 1286 et.
1120 1250 1240 1286 Merc.
1276 1251 1376 1286 282:
1416 1249 1490 1286 tibi
1521 1263 1616 1286 esse.
1679 1251 1778 1286 955:

285 1318 357 1354 tibi
389 1319 564 1355 amicam.
626 1319 730 1355 Poen.
767 1320 865 1355 574:
899 1318 973 1355 tibi
1004 1319 1055 1354 in.
1122 1318 1247 1354 1310:
1287 1317 1360 1353 tibi
1390 1317 1502 1355 hanc.
1563 1317 1671 1355 Pers.
1707 1318 1778 1354 94:

286 1386 381 1422 1111111
410 1387 578 1423 incocta.
618 1387 731 1424 Truc.
753 1388 823 1423 58:
856 1387 951 1423 mihi
982 1386 1075 1423 haec.
1119 1387 1219 1423 872:
1252 1385 1320 1422 ubi
1348 1386 1472 1422 amici.
1511 1386 1629 1424 Most.
1652 1387 1778 1423 1179:

284 1454 339 1490 ibi
369 1458 591 1504 utrumque.
652 1455 794 1504 Amph.
830 1456 929 1492 276:
963 1455 1049 1491 Nisi
1080 1455 1185 1492 item.
1246 1453 1368 1490 Merc.
1404 1455 1504 1491 833:
1536 1453 1653 1491 Domi
1684 1456 1778 1491 erat.

284 1522 369 1560 Mil.
396 1524 496 1560 441:
529 1523 613 1560 heri
643 1523 824 1560 Athenis.
870 1523 992 1560 Mero.
1020 1524 1119 1560 253:
1153 1522 1239 1558 heri
1271 1521 1471 1560 aduectus.
1517 1521 1658 1571 Amph.
1679 1521 1779 1558 616:

286 1592 341 1627 eri
372 1592 547 1640 imperia.
594 1591 734 1628 Pseud.
758 1592 884 1628 1199:
917 1591 987 1628 Eri
1018 1592 1199 1638 imagine.
1246 1590 1388 1639 Amph.
1413 1591 1514 1627 458:
1547 1603 1618 1639 ego
1649 1582 1802 1627 hodie.-

284 1659 388 1696 Men.
423 1661 522 1696 888:
556 1672 627 1707 ego
658 1659 868 1697 hominem.
918 1659 1001 1696 Mil.
1037 1659 1135 1696 653:
1171 1670 1241 1706 ego
1272 1672 1473 1708 umquam.
1522 1658 1644 1696 Mero.
1680 1659 1779 1695 577:

286 1739 358 1774 ego
389 1741 563 1765 uxorem.
623 1728 741 1765 Most.
777 1729 875 1765 370:
916 1727 1011 1764 Iube
1043 1727 1161 1764 abire.
1224 1727 1362 1764 Bacch.
1397 1727 1469 1764 49:
1513 1726 1608 1763 Duae
1646 1739 1778 1763 unum.

287 1796 386 1831 377:
426 1796 494 1832 tua
531 1796 703 1832 infamia.
764 1796 905 1845 Amph.
940 1796 1040 1832 248:
1083 1796 1152 1832 sua
1190 1796 1458 1844 optruncauit.
1522 1796 1647 1832 1122:
1686 1807 1781 1831 meae

285 1864 409 1899 uxori.
449 1864 538 1900 Aul.
557 1864 656 1900 455:
690 1864 765 1900 mei
796 1864 969 1901 honoris.
1010 1862 1096 1899 Cas.
1118 1864 1217 1900 906:
1250 1864 1310 1899 tui
1341 1863 1497 1899 amoris.
1536 1863 1657 1899 Merc.
1678 1863 1780 1900 204:

284 1944 379 1967 1110ῖο
411 1932 560 1967 emisse.
616 1932 715 1968 782:
750 1932 818 1968 tua
849 1932 982 1967 amica.
1036 1931 1143 1967 Poen.
1180 1931 1279 1967 876:
1313 1934 1390 1967 tuae
1421 1931 1627 1979 hirquinae.
1679 1932 1778 1967 891:

285 2011 370 2034 meo
403 2000 483 2035 11111.
530 1998 630 2035 Rud.
666 2000 765 2035 752:
799 2002 875 2035 tuae
908 1999 1004 2035 istae.
1051 1998 1193 2047 Amph.
1226 1999 1352 2035 1102:
1387 2001 1495 2034 tuam
1529 2011 1623 2034 esse.
1669 1998 1778 2035 Asin.

289 2066 385 2102 140:
419 2079 547 2102 meum
579 2067 655 2102 isti.
702 2066 841 2103 Bacch.
873 2067 973 2102 468:
1009 2080 1093 2102 eam
1125 2079 1220 2102 esse.
1266 2065 1387 2102 Merc.
1425 2066 1515 2102 179.
1550 2066 1643 2103 470.
1678 2067 1777 2102 876:

284 2136 391 2169 tuam
424 2135 598 2170 amicam.
645 2133 787 2170 Pseud.
809 2135 907 2170 654:
943 2148 1051 2171 suam
1082 2134 1168 2171 huc.
1214 2133 1280 2170 As.
1301 2135 1400 2170 278:
1434 2146 1541 2169 erum
1574 2134 1625 2170 in.
1669 2133 1780 2171 Cure.

288 2202 384 2237 596:
420 2215 575 2237 manum
602 2203 782 2251 arripuit.
817 2202 972 2239 Trucul.
992 2203 1092 2239 749:
1126 2215 1283 2238 manum
1306 2202 1475 2237 iniciam.
1516 2200 1657 2238 Pseud.
1679 2203 1777 2239 319:

285 2282 418 2305 canem
459 2270 621 2317 agninis.
682 2270 789 2306 Pers.
824 2271 922 2307 650:
962 2269 1118 2316 Emam,
1160 2271 1309 2318 opinor.
1342 2289 1397 2293 ——
1428 2268 1555 2305 Semel
1597 2270 1716 2306 etiam
1756 2279 1781 2307 α

284 2336 402 2373 breve
437 2338 677 2374 nominativo
717 2351 806 2374 casu
837 2337 944 2375 Pers.
981 2339 1051 2375 34:
1084 2351 1170 2374 mea
1201 2339 1338 2374 amica.
1375 2357 1421 2361 -
1457 2336 1537 2373 Νο0
1570 2336 1779 2386 Spengelio

285 2403 521 2441 credendum
548 2405 620 2441 hoc
645 2405 919 2443 tantummodo
957 2407 1020 2451 „in
1046 2406 1124 2442 arsi
1149 2404 1301 2442 soluta“
1338 2405 1444 2452 fieri;
1476 2419 1566 2442 nam
1590 2405 1635 2442 fit
1659 2407 1778 2442 etiam

284 2472 324 2506 111
356 2471 503 2508 1ον101·0
534 2473 647 2522 pedis
677 2476 811 2522 parte,
844 2486 879 2510 v.
914 2473 998 2511 Cas.
1035 2475 1105 2511 59:
1137 2477 1350 2522 propterea
1380 2474 1470 2510 una.
1525 2473 1642 2510 Most.
1678 2474 1777 2510 547:

285 2551 371 2574 cum
403 2552 447 2576 eo
478 2541 568 2577 lina.

399 2606 481 2643 Iloc
513 2609 635 2656 igitur
666 2608 917 2644 statuendum
943 2608 1110 2653 videtur,
1138 2608 1319 2645 Plautum
1346 2609 1495 2644 hiatum
1520 2608 1593 2645 sibi
1618 2607 1779 2645 concedi

285 2676 444 2721 putasse
475 2678 567 2723 post
597 2688 709 2711 voces
740 2676 1034 2724 monosyllabas
1067 2679 1105 2711 ct
1137 2680 1227 2725 post
1258 2675 1483 2724 bisyllabas,
1512 2689 1597 2725 quae
1621 2676 1777 2725 pyrrhi-

286 2740 361 2776 chii
388 2754 607 2778 mensuram
631 2742 831 2790 haberent,
858 2745 936 2780 sivo
961 2747 1102 2780 natura
1127 2744 1256 2780 brevis
1280 2745 1478 2793 posterior
1502 2744 1651 2791 syllaba
1676 2747 1777 2780 esset

285 2808 366 2843 sivo
397 2812 559 2857 propter
590 2810 819 2846 affinitatem
852 2815 1052 2860 correpta3
1086 2812 1123 2847 in
1155 2811 1313 2848 vocibus
1343 2812 1515 2861 plurium
1541 2811 1777 2859 syllabarum
1852 2832 1854 2835 v

285 2887 488 2923 perrarum
522 2889 603 2913 esse
635 2877 784 2914 hiatum
815 2892 885 2914 1100
918 2879 998 2914 51110
1030 2880 1284 2916 excusatione
1314 2878 1532 2916 ferendum.
