<?xml version="1.0" encoding="UTF-8"?>
<!DOCTYPE html PUBLIC "-//W3C//DTD XHTML 1.0 Transitional//EN"
    "http://www.w3.org/TR/xhtml1/DTD/xhtml1-transitional.dtd">
<html xmlns="http://www.w3.org/1999/xhtml" xml:lang="en" lang="en">
 <head>
  <title>
</title>
<meta http-equiv="Content-Type" content="text/html;charset=utf-8" />
  <meta name='ocr-system' content='tesseract 3.04.00' />
  <meta name='ocr-capabilities' content='ocr_page ocr_carea ocr_par ocr_line ocrx_word'/>
</head>
<body>
  <div class='ocr_page' id='page_1' title='image "./comoediaerecensv01plauuoft_0178.png"; bbox 0 0 1926 3275; ppageno 0'>
   <div class='ocr_carea' id='block_1_1' title="bbox 281 348 1168 394">
    <p class='ocr_par' dir='ltr' id='par_1_1' title="bbox 281 348 1168 394">
     <span class='ocr_line' id='line_1_1' title="bbox 281 348 1168 394; baseline -0.003 -10"><span class='ocrx_word' id='word_1_1' title='bbox 281 355 300 394; x_wconf 87' lang='lat'>1</span> <span class='ocrx_word' id='word_1_2' title='bbox 309 356 361 394; x_wconf 87' lang='grc'>60</span> <span class='ocrx_word' id='word_1_3' title='bbox 888 348 1168 392; x_wconf 83' lang='lat' dir='ltr'>Prolegomena.</span> 
     </span>
    </p>
   </div>
   <div class='ocr_carea' id='block_1_2' title="bbox 277 472 1787 1479">
    <p class='ocr_par' dir='ltr' id='par_1_2' title="bbox 277 472 1787 1479">
     <span class='ocr_line' id='line_1_2' title="bbox 278 472 1781 526; baseline -0.002 -9"><span class='ocrx_word' id='word_1_4' title='bbox 278 480 451 518; x_wconf 90' lang='lat' dir='ltr'>scribere</span> <span class='ocrx_word' id='word_1_5' title='bbox 482 478 603 516; x_wconf 87' lang='lat' dir='ltr'>nolui.</span> <span class='ocrx_word' id='word_1_6' title='bbox 671 472 757 516; x_wconf 73' lang='lat' dir='ltr'>Gur</span> <span class='ocrx_word' id='word_1_7' title='bbox 787 489 943 526; x_wconf 84' lang='lat' dir='ltr'>quoque</span> <span class='ocrx_word' id='word_1_8' title='bbox 975 476 1025 514; x_wconf 87' lang='lat' dir='ltr'>ad</span> <span class='ocrx_word' id='word_1_9' title='bbox 1056 489 1301 514; x_wconf 89' lang='lat' dir='ltr'>communem</span> <span class='ocrx_word' id='word_1_10' title='bbox 1331 488 1480 513; x_wconf 88' lang='lat' dir='ltr'>morem</span> <span class='ocrx_word' id='word_1_11' title='bbox 1510 476 1670 525; x_wconf 83' lang='lat' dir='ltr'>scripsi,</span> <span class='ocrx_word' id='word_1_12' title='bbox 1701 488 1781 514; x_wconf 90' lang='lat' dir='ltr'>non</span> 
     </span>
     <span class='ocr_line' id='line_1_3' title="bbox 279 543 1780 597; baseline -0.002 -12"><span class='ocrx_word' id='word_1_13' title='bbox 279 561 354 597; x_wconf 89' lang='lat' dir='ltr'>qur</span> <span class='ocrx_word' id='word_1_14' title='bbox 383 551 452 585; x_wconf 91' lang='lat' dir='ltr'>aut</span> <span class='ocrx_word' id='word_1_15' title='bbox 482 560 594 596; x_wconf 89' lang='lat' dir='ltr'>quor,</span> <span class='ocrx_word' id='word_1_16' title='bbox 626 546 702 582; x_wconf 88' lang='lat' dir='ltr'>nisi</span> <span class='ocrx_word' id='word_1_17' title='bbox 730 545 800 582; x_wconf 88' lang='lat' dir='ltr'>ubi</span> <span class='ocrx_word' id='word_1_18' title='bbox 828 544 903 582; x_wconf 93' lang='lat' dir='ltr'>hoc</span> <span class='ocrx_word' id='word_1_19' title='bbox 929 547 998 582; x_wconf 91' lang='lat' dir='ltr'>aut</span> <span class='ocrx_word' id='word_1_20' title='bbox 1022 544 1152 594; x_wconf 89' lang='lat' dir='ltr'>ipsum</span> <span class='ocrx_word' id='word_1_21' title='bbox 1175 543 1262 581; x_wconf 90' lang='lat' dir='ltr'>cod.</span> <span class='ocrx_word' id='word_1_22' title='bbox 1286 543 1450 594; x_wconf 84' lang='lat' dir='ltr'>praebet,</span> <span class='ocrx_word' id='word_1_23' title='bbox 1475 546 1521 581; x_wconf 90' lang='lat' dir='ltr'>ut</span> <span class='ocrx_word' id='word_1_24' title='bbox 1542 543 1628 581; x_wconf 71' lang='lat' dir='ltr'>Mil.</span> <span class='ocrx_word' id='word_1_25' title='bbox 1658 545 1780 591; x_wconf 79' lang='lat'>1252,</span> 
     </span>
     <span class='ocr_line' id='line_1_4' title="bbox 277 607 1780 663; baseline -0.003 -10"><span class='ocrx_word' id='word_1_26' title='bbox 277 619 349 653; x_wconf 87' lang='lat' dir='ltr'>aut</span> <span class='ocrx_word' id='word_1_27' title='bbox 373 618 559 663; x_wconf 86' lang='lat' dir='ltr'>corrupta</span> <span class='ocrx_word' id='word_1_28' title='bbox 582 614 665 651; x_wconf 87' lang='lat' dir='ltr'>eius</span> <span class='ocrx_word' id='word_1_29' title='bbox 688 614 884 662; x_wconf 84' lang='lat' dir='ltr'>scriptura</span> <span class='ocrx_word' id='word_1_30' title='bbox 909 610 1058 661; x_wconf 79' lang='lat' dir='ltr'>(„quo“</span> <span class='ocrx_word' id='word_1_31' title='bbox 1078 611 1222 661; x_wconf 87' lang='lat' dir='ltr'><strong>Amph.</strong></span> <span class='ocrx_word' id='word_1_32' title='bbox 1245 607 1344 660; x_wconf 81' lang='lat'>893)</span> <span class='ocrx_word' id='word_1_33' title='bbox 1371 625 1416 649; x_wconf 92' lang='lat' dir='ltr'>eo</span> <span class='ocrx_word' id='word_1_34' title='bbox 1442 611 1586 649; x_wconf 90' lang='lat' dir='ltr'>ducere</span> <span class='ocrx_word' id='word_1_35' title='bbox 1609 610 1780 648; x_wconf 88' lang='lat' dir='ltr'>videtur.</span> 
     </span>
     <span class='ocr_line' id='line_1_5' title="bbox 394 677 1783 729; baseline -0.004 -9"><span class='ocrx_word' id='word_1_36' title='bbox 394 682 528 720; x_wconf 84' lang='lat' dir='ltr'>Codex</span> <span class='ocrx_word' id='word_1_37' title='bbox 568 681 698 718; x_wconf 87' lang='lat' dir='ltr'>alter</span> <span class='ocrx_word' id='word_1_38' title='bbox 737 681 1006 718; x_wconf 86' lang='lat' dir='ltr'>Camerarii</span> <span class='ocrx_word' id='word_1_39' title='bbox 1046 677 1131 727; x_wconf 86' lang='lat' dir='ltr'>(C),</span> <span class='ocrx_word' id='word_1_40' title='bbox 1181 693 1298 729; x_wconf 86' lang='lat' dir='ltr'>quem</span> <span class='ocrx_word' id='word_1_41' title='bbox 1337 679 1487 716; x_wconf 89' lang='lat' dir='ltr'>Pareus</span> <span class='ocrx_word' id='word_1_42' title='bbox 1533 679 1783 716; x_wconf 85' lang='lat' dir='ltr'>decurtatum</span> 
     </span>
     <span class='ocr_line' id='line_1_6' title="bbox 280 744 1782 801; baseline -0.003 -13"><span class='ocrx_word' id='word_1_43' title='bbox 280 750 507 801; x_wconf 82' lang='lat' dir='ltr'>appellavit,</span> <span class='ocrx_word' id='word_1_44' title='bbox 540 749 633 798; x_wconf 85' lang='lat' dir='ltr'>quia</span> <span class='ocrx_word' id='word_1_45' title='bbox 664 747 870 785; x_wconf 80' lang='lat' dir='ltr'>duodecim</span> <span class='ocrx_word' id='word_1_46' title='bbox 900 750 1054 785; x_wconf 86' lang='lat' dir='ltr'>tantum</span> <span class='ocrx_word' id='word_1_47' title='bbox 1083 748 1324 797; x_wconf 87' lang='lat' dir='ltr'>posteriores</span> <span class='ocrx_word' id='word_1_48' title='bbox 1355 747 1509 784; x_wconf 89' lang='lat' dir='ltr'>fabulas</span> <span class='ocrx_word' id='word_1_49' title='bbox 1542 744 1584 795; x_wconf 92' lang='grc'>(1.</span> <span class='ocrx_word' id='word_1_50' title='bbox 1618 760 1653 784; x_wconf 90' lang='lat' dir='ltr'>e.</span> <span class='ocrx_word' id='word_1_51' title='bbox 1684 746 1782 784; x_wconf 89' lang='lat' dir='ltr'>Bac-</span> 
     </span>
     <span class='ocr_line' id='line_1_7' title="bbox 281 812 1781 865; baseline -0.003 -9"><span class='ocrx_word' id='word_1_52' title='bbox 281 819 426 865; x_wconf 89' lang='lat' dir='ltr'>chides,</span> <span class='ocrx_word' id='word_1_53' title='bbox 458 817 747 855; x_wconf 88' lang='lat' dir='ltr'>Mostellariam</span> <span class='ocrx_word' id='word_1_54' title='bbox 778 812 888 863; x_wconf 88' lang='lat' dir='ltr'>cett.)</span> <span class='ocrx_word' id='word_1_55' title='bbox 922 816 1112 862; x_wconf 85' lang='lat' dir='ltr'>continet,</span> <span class='ocrx_word' id='word_1_56' title='bbox 1143 814 1261 852; x_wconf 92' lang='lat' dir='ltr'>hodie</span> <span class='ocrx_word' id='word_1_57' title='bbox 1284 814 1559 863; x_wconf 84' lang='lat' dir='ltr'>Heidelbergae</span> <span class='ocrx_word' id='word_1_58' title='bbox 1590 817 1781 852; x_wconf 88' lang='lat' dir='ltr'>servatur.</span> 
     </span>
     <span class='ocr_line' id='line_1_8' title="bbox 281 882 1784 934; baseline -0.003 -10"><span class='ocrx_word' id='word_1_59' title='bbox 281 886 431 924; x_wconf 86' lang='lat' dir='ltr'>Saeculo</span> <span class='ocrx_word' id='word_1_60' title='bbox 461 884 539 922; x_wconf 89' lang='lat' dir='ltr'>XII</span> <span class='ocrx_word' id='word_1_61' title='bbox 569 885 738 934; x_wconf 87' lang='lat' dir='ltr'>scriptus</span> <span class='ocrx_word' id='word_1_62' title='bbox 770 886 829 920; x_wconf 90' lang='lat' dir='ltr'>est</span> <span class='ocrx_word' id='word_1_63' title='bbox 866 884 908 920; x_wconf 89' lang='lat' dir='ltr'>in</span> <span class='ocrx_word' id='word_1_64' title='bbox 946 883 1184 920; x_wconf 84' lang='lat' dir='ltr'>membranis</span> <span class='ocrx_word' id='word_1_65' title='bbox 1221 883 1356 920; x_wconf 85' lang='lat' dir='ltr'>formae</span> <span class='ocrx_word' id='word_1_66' title='bbox 1396 882 1600 932; x_wconf 73' lang='lat' dir='ltr'>quadratae</span> <span class='ocrx_word' id='word_1_67' title='bbox 1639 882 1784 919; x_wconf 86' lang='lat' dir='ltr'>litteris</span> 
     </span>
     <span class='ocr_line' id='line_1_9' title="bbox 281 950 1784 1001; baseline -0.003 -9"><span class='ocrx_word' id='word_1_68' title='bbox 281 955 377 992; x_wconf 87' lang='lat' dir='ltr'>satis</span> <span class='ocrx_word' id='word_1_69' title='bbox 415 953 580 1001; x_wconf 80' lang='lat' dir='ltr'>magnis.</span> <span class='ocrx_word' id='word_1_70' title='bbox 641 951 703 989; x_wconf 88' lang='lat' dir='ltr'>Ex</span> <span class='ocrx_word' id='word_1_71' title='bbox 743 951 880 989; x_wconf 88' lang='lat' dir='ltr'>eodem</span> <span class='ocrx_word' id='word_1_72' title='bbox 920 965 1008 988; x_wconf 91' lang='lat' dir='ltr'>cum</span> <span class='ocrx_word' id='word_1_73' title='bbox 1053 950 1187 988; x_wconf 91' lang='lat' dir='ltr'>codice</span> <span class='ocrx_word' id='word_1_74' title='bbox 1216 950 1248 987; x_wconf 91' lang='lat' dir='ltr'>B</span> <span class='ocrx_word' id='word_1_75' title='bbox 1285 950 1393 987; x_wconf 87' lang='lat' dir='ltr'>fonte</span> <span class='ocrx_word' id='word_1_76' title='bbox 1433 952 1502 987; x_wconf 88' lang='lat' dir='ltr'>aut</span> <span class='ocrx_word' id='word_1_77' title='bbox 1537 964 1585 988; x_wconf 85' lang='lat' dir='ltr'>ex</span> <span class='ocrx_word' id='word_1_78' title='bbox 1621 963 1784 1000; x_wconf 88' lang='lat' dir='ltr'>prorsus</span> 
     </span>
     <span class='ocr_line' id='line_1_10' title="bbox 281 1018 1786 1071; baseline -0.003 -11"><span class='ocrx_word' id='word_1_79' title='bbox 281 1022 437 1071; x_wconf 84' lang='lat' dir='ltr'>gemino</span> <span class='ocrx_word' id='word_1_80' title='bbox 468 1021 627 1058; x_wconf 78' lang='lat' dir='ltr'>fluxisse</span> <span class='ocrx_word' id='word_1_81' title='bbox 653 1022 830 1069; x_wconf 85' lang='lat' dir='ltr'>apparet,</span> <span class='ocrx_word' id='word_1_82' title='bbox 856 1021 905 1066; x_wconf 85' lang='lat' dir='ltr'>et,</span> <span class='ocrx_word' id='word_1_83' title='bbox 933 1019 1112 1068; x_wconf 79' lang='lat' dir='ltr'>quamvis</span> <span class='ocrx_word' id='word_1_84' title='bbox 1138 1021 1253 1055; x_wconf 87' lang='lat' dir='ltr'>aetate</span> <span class='ocrx_word' id='word_1_85' title='bbox 1276 1018 1442 1056; x_wconf 87' lang='lat' dir='ltr'>inferior</span> <span class='ocrx_word' id='word_1_86' title='bbox 1466 1018 1530 1065; x_wconf 90' lang='lat' dir='ltr'>sit,</span> <span class='ocrx_word' id='word_1_87' title='bbox 1556 1031 1635 1055; x_wconf 92' lang='lat' dir='ltr'>non</span> <span class='ocrx_word' id='word_1_88' title='bbox 1659 1031 1786 1068; x_wconf 84' lang='lat' dir='ltr'>pauca</span> 
     </span>
     <span class='ocr_line' id='line_1_11' title="bbox 280 1085 1786 1140; baseline -0.003 -13"><span class='ocrx_word' id='word_1_89' title='bbox 280 1090 401 1127; x_wconf 85' lang='lat' dir='ltr'>habet</span> <span class='ocrx_word' id='word_1_90' title='bbox 434 1087 694 1140; x_wconf 86' lang='lat' dir='ltr'>praeferenda.</span> <span class='ocrx_word' id='word_1_91' title='bbox 754 1087 921 1134; x_wconf 80' lang='lat' dir='ltr'>Versus,</span> <span class='ocrx_word' id='word_1_92' title='bbox 955 1087 1130 1137; x_wconf 85' lang='lat' dir='ltr'>exceptis</span> <span class='ocrx_word' id='word_1_93' title='bbox 1161 1086 1344 1133; x_wconf 88' lang='lat' dir='ltr'>senariis,</span> <span class='ocrx_word' id='word_1_94' title='bbox 1378 1099 1423 1123; x_wconf 88' lang='lat' dir='ltr'>ac</span> <span class='ocrx_word' id='word_1_95' title='bbox 1452 1099 1501 1123; x_wconf 88' lang='lat' dir='ltr'>ne</span> <span class='ocrx_word' id='word_1_96' title='bbox 1531 1085 1593 1123; x_wconf 86' lang='lat' dir='ltr'>his</span> <span class='ocrx_word' id='word_1_97' title='bbox 1626 1085 1786 1135; x_wconf 87' lang='lat' dir='ltr'>quidem</span> 
     </span>
     <span class='ocr_line' id='line_1_12' title="bbox 282 1154 1784 1205; baseline -0.003 -10"><span class='ocrx_word' id='word_1_98' title='bbox 282 1158 482 1205; x_wconf 88' lang='lat' dir='ltr'>omnibus,</span> <span class='ocrx_word' id='word_1_99' title='bbox 528 1170 609 1194; x_wconf 89' lang='lat' dir='ltr'>non</span> <span class='ocrx_word' id='word_1_100' title='bbox 654 1155 884 1204; x_wconf 85' lang='lat' dir='ltr'>distinguit;</span> <span class='ocrx_word' id='word_1_101' title='bbox 930 1168 1001 1192; x_wconf 89' lang='lat' dir='ltr'>nec</span> <span class='ocrx_word' id='word_1_102' title='bbox 1054 1167 1313 1205; x_wconf 83' lang='lat' dir='ltr'>personarum</span> <span class='ocrx_word' id='word_1_103' title='bbox 1364 1156 1469 1191; x_wconf 84' lang='lat' dir='ltr'>notae</span> <span class='ocrx_word' id='word_1_104' title='bbox 1514 1154 1784 1191; x_wconf 85' lang='lat' dir='ltr'>inveniuntur.</span> 
     </span>
     <span class='ocr_line' id='line_1_13' title="bbox 280 1221 1786 1271; baseline -0.003 -8"><span class='ocrx_word' id='word_1_105' title='bbox 280 1226 457 1264; x_wconf 88' lang='lat' dir='ltr'>Initiales</span> <span class='ocrx_word' id='word_1_106' title='bbox 496 1225 613 1261; x_wconf 85' lang='lat' dir='ltr'>etiam</span> <span class='ocrx_word' id='word_1_107' title='bbox 659 1237 866 1261; x_wconf 80' lang='lat' dir='ltr'>scenarum</span> <span class='ocrx_word' id='word_1_108' title='bbox 909 1223 1071 1270; x_wconf 89' lang='lat' dir='ltr'>litterae,</span> <span class='ocrx_word' id='word_1_109' title='bbox 1120 1234 1206 1271; x_wconf 83' lang='lat' dir='ltr'>quae</span> <span class='ocrx_word' id='word_1_110' title='bbox 1249 1221 1371 1258; x_wconf 88' lang='lat' dir='ltr'>rubro</span> <span class='ocrx_word' id='word_1_111' title='bbox 1416 1221 1550 1259; x_wconf 92' lang='lat' dir='ltr'>colore</span> <span class='ocrx_word' id='word_1_112' title='bbox 1594 1221 1786 1259; x_wconf 86' lang='lat' dir='ltr'>addendae</span> 
     </span>
     <span class='ocr_line' id='line_1_14' title="bbox 283 1288 1786 1343; baseline -0.003 -12"><span class='ocrx_word' id='word_1_113' title='bbox 283 1297 415 1341; x_wconf 88' lang='lat' dir='ltr'>erant,</span> <span class='ocrx_word' id='word_1_114' title='bbox 449 1293 560 1343; x_wconf 80' lang='lat' dir='ltr'>quasi</span> <span class='ocrx_word' id='word_1_115' title='bbox 591 1304 708 1342; x_wconf 88' lang='lat' dir='ltr'>opere</span> <span class='ocrx_word' id='word_1_116' title='bbox 739 1304 818 1328; x_wconf 89' lang='lat' dir='ltr'>non</span> <span class='ocrx_word' id='word_1_117' title='bbox 850 1290 1033 1328; x_wconf 88' lang='lat' dir='ltr'>absoluto</span> <span class='ocrx_word' id='word_1_118' title='bbox 1065 1289 1219 1327; x_wconf 86' lang='lat' dir='ltr'>desunt.</span> <span class='ocrx_word' id='word_1_119' title='bbox 1281 1289 1415 1335; x_wconf 83' lang='lat' dir='ltr'>Qualis</span> <span class='ocrx_word' id='word_1_120' title='bbox 1454 1288 1580 1326; x_wconf 83' lang='lat' dir='ltr'>codex</span> <span class='ocrx_word' id='word_1_121' title='bbox 1613 1290 1682 1337; x_wconf 85' lang='lat' dir='ltr'>sit,</span> <span class='ocrx_word' id='word_1_122' title='bbox 1716 1302 1786 1339; x_wconf 89' lang='lat' dir='ltr'>op-</span> 
     </span>
     <span class='ocr_line' id='line_1_15' title="bbox 281 1356 1787 1411; baseline -0.003 -13"><span class='ocrx_word' id='word_1_123' title='bbox 281 1362 377 1399; x_wconf 89' lang='lat' dir='ltr'>time</span> <span class='ocrx_word' id='word_1_124' title='bbox 414 1360 652 1411; x_wconf 82' lang='lat' dir='ltr'>perspicitur</span> <span class='ocrx_word' id='word_1_125' title='bbox 689 1372 737 1396; x_wconf 84' lang='lat' dir='ltr'>ex</span> <span class='ocrx_word' id='word_1_126' title='bbox 779 1359 934 1405; x_wconf 88' lang='lat' dir='ltr'>„Plauti</span> <span class='ocrx_word' id='word_1_127' title='bbox 964 1357 1206 1395; x_wconf 84' lang='lat' dir='ltr'>Truculento</span> <span class='ocrx_word' id='word_1_128' title='bbox 1241 1370 1261 1394; x_wconf 86' lang='lat' dir='ltr'>e</span> <span class='ocrx_word' id='word_1_129' title='bbox 1292 1356 1428 1394; x_wconf 89' lang='lat' dir='ltr'>codice</span> <span class='ocrx_word' id='word_1_130' title='bbox 1458 1356 1787 1407; x_wconf 87' lang='lat' dir='ltr'>Heidelbergensi</span> 
     </span>
     <span class='ocr_line' id='line_1_16' title="bbox 283 1424 1569 1479; baseline -0.004 -13"><span class='ocrx_word' id='word_1_131' title='bbox 283 1426 508 1479; x_wconf 84' lang='lat' dir='ltr'>expressa“,</span> <span class='ocrx_word' id='word_1_132' title='bbox 542 1441 659 1477; x_wconf 87' lang='lat' dir='ltr'>quam</span> <span class='ocrx_word' id='word_1_133' title='bbox 688 1426 735 1464; x_wconf 88' lang='lat' dir='ltr'>E.</span> <span class='ocrx_word' id='word_1_134' title='bbox 768 1426 982 1464; x_wconf 84' lang='lat' dir='ltr'>Schneider</span> <span class='ocrx_word' id='word_1_135' title='bbox 1014 1425 1140 1462; x_wconf 87' lang='lat' dir='ltr'>edidit</span> <span class='ocrx_word' id='word_1_136' title='bbox 1170 1424 1415 1462; x_wconf 84' lang='lat' dir='ltr'>Vratislaviae</span> <span class='ocrx_word' id='word_1_137' title='bbox 1449 1425 1569 1462; x_wconf 84' lang='lat'>1834.</span> 
     </span>
    </p>
   </div>
   <div class='ocr_carea' id='block_1_3' title="bbox 864 1680 1217 1858">
    <p class='ocr_par' dir='ltr' id='par_1_3' title="bbox 864 1680 1217 1858">
     <span class='ocr_line' id='line_1_17' title="bbox 993 1680 1076 1733; baseline 0.012 -1"><span class='ocrx_word' id='word_1_138' title='bbox 993 1680 1076 1733; x_wconf 90' lang='lat' dir='ltr'>IV.</span> 
     </span>
     <span class='ocr_line' id='line_1_18' title="bbox 864 1795 1217 1858; baseline 0 -14"><span class='ocrx_word' id='word_1_139' title='bbox 864 1795 928 1844; x_wconf 88' lang='lat' dir='ltr'>De</span> <span class='ocrx_word' id='word_1_140' title='bbox 968 1796 1217 1858; x_wconf 75' lang='lat' dir='ltr'>prologis„</span> 
     </span>
    </p>
   </div>
   <div class='ocr_carea' id='block_1_4' title="bbox 285 1963 1792 3027">
    <p class='ocr_par' dir='ltr' id='par_1_4' title="bbox 285 1963 1792 3027">
     <span class='ocr_line' id='line_1_19' title="bbox 399 1963 1789 2017; baseline -0.004 -12"><span class='ocrx_word' id='word_1_141' title='bbox 399 1968 559 2017; x_wconf 80' lang='lat' dir='ltr'>Prologi</span> <span class='ocrx_word' id='word_1_142' title='bbox 589 1968 747 2005; x_wconf 88' lang='lat' dir='ltr'>nomine</span> <span class='ocrx_word' id='word_1_143' title='bbox 777 1968 1035 2005; x_wconf 86' lang='lat' dir='ltr'>Aristotelem</span> <span class='ocrx_word' id='word_1_144' title='bbox 1065 1968 1244 2004; x_wconf 80' lang='lat' dir='ltr'>novimus</span> <span class='ocrx_word' id='word_1_145' title='bbox 1281 1979 1366 2003; x_wconf 90' lang='lat' dir='ltr'>eam</span> <span class='ocrx_word' id='word_1_146' title='bbox 1398 1966 1647 2014; x_wconf 88' lang='lat' dir='ltr'>antiquarum</span> <span class='ocrx_word' id='word_1_147' title='bbox 1677 1963 1789 2001; x_wconf 84' lang='lat' dir='ltr'>fabu-</span> 
     </span>
     <span class='ocr_line' id='line_1_20' title="bbox 285 2032 1788 2085; baseline -0.003 -12"><span class='ocrx_word' id='word_1_148' title='bbox 285 2037 414 2073; x_wconf 81' lang='lat' dir='ltr'>larum</span> <span class='ocrx_word' id='word_1_149' title='bbox 444 2039 597 2085; x_wconf 88' lang='lat' dir='ltr'>partem</span> <span class='ocrx_word' id='word_1_150' title='bbox 629 2034 880 2083; x_wconf 82' lang='lat' dir='ltr'>significasse,</span> <span class='ocrx_word' id='word_1_151' title='bbox 907 2048 993 2084; x_wconf 87' lang='lat' dir='ltr'>quae</span> <span class='ocrx_word' id='word_1_152' title='bbox 1017 2036 1186 2084; x_wconf 89' lang='lat' dir='ltr'>primum</span> <span class='ocrx_word' id='word_1_153' title='bbox 1210 2034 1320 2071; x_wconf 85' lang='lat' dir='ltr'>chori</span> <span class='ocrx_word' id='word_1_154' title='bbox 1345 2036 1502 2071; x_wconf 87' lang='lat' dir='ltr'>cantum</span> <span class='ocrx_word' id='word_1_155' title='bbox 1526 2032 1788 2069; x_wconf 86' lang='lat' dir='ltr'>antecederet.</span> 
     </span>
     <span class='ocr_line' id='line_1_21' title="bbox 286 2099 1792 2152; baseline -0.002 -12"><span class='ocrx_word' id='word_1_156' title='bbox 286 2103 379 2140; x_wconf 90' lang='lat' dir='ltr'>Haec</span> <span class='ocrx_word' id='word_1_157' title='bbox 419 2117 441 2140; x_wconf 90' lang='lat' dir='ltr'>a</span> <span class='ocrx_word' id='word_1_158' title='bbox 478 2104 617 2140; x_wconf 88' lang='lat' dir='ltr'>ceteris</span> <span class='ocrx_word' id='word_1_159' title='bbox 656 2103 799 2140; x_wconf 82' lang='lat' dir='ltr'>fabulae</span> <span class='ocrx_word' id='word_1_160' title='bbox 838 2102 1018 2152; x_wconf 90' lang='lat' dir='ltr'>partibus</span> <span class='ocrx_word' id='word_1_161' title='bbox 1060 2100 1284 2152; x_wconf 86' lang='lat' dir='ltr'>(episodiis,</span> <span class='ocrx_word' id='word_1_162' title='bbox 1324 2099 1470 2149; x_wconf 84' lang='lat' dir='ltr'>exodo)</span> <span class='ocrx_word' id='word_1_163' title='bbox 1516 2113 1594 2137; x_wconf 89' lang='lat' dir='ltr'>non</span> <span class='ocrx_word' id='word_1_164' title='bbox 1634 2100 1792 2137; x_wconf 83' lang='lat' dir='ltr'>diversa</span> 
     </span>
     <span class='ocr_line' id='line_1_22' title="bbox 287 2167 1789 2219; baseline -0.002 -12"><span class='ocrx_word' id='word_1_165' title='bbox 287 2174 385 2217; x_wconf 88' lang='lat' dir='ltr'>erat,</span> <span class='ocrx_word' id='word_1_166' title='bbox 413 2171 624 2219; x_wconf 85' lang='lat' dir='ltr'>statimque</span> <span class='ocrx_word' id='word_1_167' title='bbox 650 2170 697 2207; x_wconf 91' lang='lat' dir='ltr'>ab</span> <span class='ocrx_word' id='word_1_168' title='bbox 724 2171 838 2206; x_wconf 90' lang='lat' dir='ltr'>initio</span> <span class='ocrx_word' id='word_1_169' title='bbox 863 2183 1041 2219; x_wconf 78' lang='lat' dir='ltr'>personae</span> <span class='ocrx_word' id='word_1_170' title='bbox 1066 2169 1221 2216; x_wconf 88' lang='lat' dir='ltr'>fabulae,</span> <span class='ocrx_word' id='word_1_171' title='bbox 1247 2172 1294 2206; x_wconf 91' lang='lat' dir='ltr'>ut</span> <span class='ocrx_word' id='word_1_172' title='bbox 1318 2169 1487 2206; x_wconf 87' lang='lat' dir='ltr'>dramati</span> <span class='ocrx_word' id='word_1_173' title='bbox 1518 2167 1789 2214; x_wconf 81' lang='lat' dir='ltr'>conveniebat,</span> 
     </span>
     <span class='ocr_line' id='line_1_23' title="bbox 286 2234 1788 2287; baseline -0.002 -12"><span class='ocrx_word' id='word_1_174' title='bbox 286 2239 391 2275; x_wconf 88' lang='lat' dir='ltr'>inter</span> <span class='ocrx_word' id='word_1_175' title='bbox 415 2252 453 2275; x_wconf 88' lang='lat' dir='ltr'>se</span> <span class='ocrx_word' id='word_1_176' title='bbox 479 2238 647 2287; x_wconf 82' lang='lat' dir='ltr'>agebant</span> <span class='ocrx_word' id='word_1_177' title='bbox 671 2240 710 2274; x_wconf 87' lang='lat' dir='ltr'>et</span> <span class='ocrx_word' id='word_1_178' title='bbox 734 2238 1002 2287; x_wconf 79' lang='lat' dir='ltr'>loquebantur</span> <span class='ocrx_word' id='word_1_179' title='bbox 1023 2237 1133 2274; x_wconf 88' lang='lat' dir='ltr'>nulla</span> <span class='ocrx_word' id='word_1_180' title='bbox 1157 2240 1425 2286; x_wconf 86' lang='lat' dir='ltr'>spectatorum</span> <span class='ocrx_word' id='word_1_181' title='bbox 1450 2236 1607 2273; x_wconf 88' lang='lat' dir='ltr'>ratione</span> <span class='ocrx_word' id='word_1_182' title='bbox 1631 2234 1788 2281; x_wconf 84' lang='lat' dir='ltr'>habita3</span> 
     </span>
     <span class='ocr_line' id='line_1_24' title="bbox 287 2301 1789 2356; baseline -0.002 -14"><span class='ocrx_word' id='word_1_183' title='bbox 287 2307 383 2356; x_wconf 87' lang='lat' dir='ltr'>quin</span> <span class='ocrx_word' id='word_1_184' title='bbox 416 2305 612 2343; x_wconf 79' lang='lat' dir='ltr'>comoediae</span> <span class='ocrx_word' id='word_1_185' title='bbox 644 2306 816 2354; x_wconf 86' lang='lat' dir='ltr'>scriptor</span> <span class='ocrx_word' id='word_1_186' title='bbox 846 2306 879 2342; x_wconf 87' lang='lat' dir='ltr'>si</span> <span class='ocrx_word' id='word_1_187' title='bbox 911 2305 1006 2354; x_wconf 88' lang='lat' dir='ltr'>quid</span> <span class='ocrx_word' id='word_1_188' title='bbox 1037 2303 1327 2355; x_wconf 84' lang='lat' dir='ltr'>spectatoribus</span> <span class='ocrx_word' id='word_1_189' title='bbox 1358 2303 1566 2340; x_wconf 86' lang='lat' dir='ltr'>dicendum</span> <span class='ocrx_word' id='word_1_190' title='bbox 1593 2301 1789 2349; x_wconf 84' lang='lat' dir='ltr'>censebat,</span> 
     </span>
     <span class='ocr_line' id='line_1_25' title="bbox 286 2370 1791 2422; baseline -0.003 -12"><span class='ocrx_word' id='word_1_191' title='bbox 286 2374 361 2411; x_wconf 92' lang='lat' dir='ltr'>hoc</span> <span class='ocrx_word' id='word_1_192' title='bbox 391 2387 472 2411; x_wconf 88' lang='lat' dir='ltr'>non</span> <span class='ocrx_word' id='word_1_193' title='bbox 502 2374 542 2410; x_wconf 90' lang='lat' dir='ltr'>in</span> <span class='ocrx_word' id='word_1_194' title='bbox 572 2373 714 2410; x_wconf 82' lang='lat' dir='ltr'>fabulae</span> <span class='ocrx_word' id='word_1_195' title='bbox 745 2373 950 2422; x_wconf 85' lang='lat' dir='ltr'>principio,</span> <span class='ocrx_word' id='word_1_196' title='bbox 984 2373 1053 2410; x_wconf 91' lang='lat' dir='ltr'>sed</span> <span class='ocrx_word' id='word_1_197' title='bbox 1082 2373 1123 2409; x_wconf 92' lang='lat' dir='ltr'>in</span> <span class='ocrx_word' id='word_1_198' title='bbox 1156 2372 1286 2408; x_wconf 87' lang='lat' dir='ltr'>media</span> <span class='ocrx_word' id='word_1_199' title='bbox 1316 2371 1451 2408; x_wconf 86' lang='lat' dir='ltr'>fabula</span> <span class='ocrx_word' id='word_1_200' title='bbox 1480 2382 1552 2420; x_wconf 90' lang='lat' dir='ltr'>per</span> <span class='ocrx_word' id='word_1_201' title='bbox 1583 2370 1791 2419; x_wconf 72' lang='grc' dir='ltr'><strong><em>παράβασιν</em></strong></span> 
     </span>
     <span class='ocr_line' id='line_1_26' title="bbox 287 2437 1792 2490; baseline -0.003 -12"><span class='ocrx_word' id='word_1_202' title='bbox 287 2441 415 2478; x_wconf 85' lang='lat' dir='ltr'>facere</span> <span class='ocrx_word' id='word_1_203' title='bbox 451 2441 615 2478; x_wconf 87' lang='lat' dir='ltr'>solebat.</span> <span class='ocrx_word' id='word_1_204' title='bbox 676 2439 888 2490; x_wconf 87' lang='lat' dir='ltr'>Euripides</span> <span class='ocrx_word' id='word_1_205' title='bbox 918 2441 1088 2490; x_wconf 87' lang='lat' dir='ltr'>primus,</span> <span class='ocrx_word' id='word_1_206' title='bbox 1121 2440 1184 2476; x_wconf 80' lang='lat' dir='ltr'>vol</span> <span class='ocrx_word' id='word_1_207' title='bbox 1214 2439 1282 2476; x_wconf 89' lang='lat' dir='ltr'>ubi</span> <span class='ocrx_word' id='word_1_208' title='bbox 1320 2439 1363 2476; x_wconf 91' lang='lat' dir='ltr'>in</span> <span class='ocrx_word' id='word_1_209' title='bbox 1400 2439 1517 2475; x_wconf 89' lang='lat' dir='ltr'>rebus</span> <span class='ocrx_word' id='word_1_210' title='bbox 1555 2437 1792 2475; x_wconf 85' lang='lat' dir='ltr'>versabatur</span> 
     </span>
     <span class='ocr_line' id='line_1_27' title="bbox 288 2505 1788 2557; baseline -0.003 -12"><span class='ocrx_word' id='word_1_211' title='bbox 288 2509 417 2545; x_wconf 85' lang='lat' dir='ltr'>minus</span> <span class='ocrx_word' id='word_1_212' title='bbox 454 2509 557 2545; x_wconf 85' lang='lat' dir='ltr'>notis</span> <span class='ocrx_word' id='word_1_213' title='bbox 597 2511 666 2545; x_wconf 90' lang='lat' dir='ltr'>aut</span> <span class='ocrx_word' id='word_1_214' title='bbox 697 2508 828 2554; x_wconf 89' lang='lat' dir='ltr'>aliter,</span> <span class='ocrx_word' id='word_1_215' title='bbox 862 2521 980 2556; x_wconf 86' lang='lat' dir='ltr'>quam</span> <span class='ocrx_word' id='word_1_216' title='bbox 1010 2509 1096 2557; x_wconf 87' lang='lat' dir='ltr'>ipse</span> <span class='ocrx_word' id='word_1_217' title='bbox 1127 2510 1289 2544; x_wconf 88' lang='lat' dir='ltr'>acturus</span> <span class='ocrx_word' id='word_1_218' title='bbox 1323 2509 1426 2553; x_wconf 87' lang='lat' dir='ltr'>erat,</span> <span class='ocrx_word' id='word_1_219' title='bbox 1459 2505 1576 2555; x_wconf 82' lang='lat' dir='ltr'>vulgo</span> <span class='ocrx_word' id='word_1_220' title='bbox 1607 2505 1788 2551; x_wconf 84' lang='lat' dir='ltr'>narratis,</span> 
     </span>
     <span class='ocr_line' id='line_1_28' title="bbox 288 2572 1787 2624; baseline -0.003 -12"><span class='ocrx_word' id='word_1_221' title='bbox 288 2576 352 2612; x_wconf 88' lang='lat' dir='ltr'>vel</span> <span class='ocrx_word' id='word_1_222' title='bbox 381 2576 537 2612; x_wconf 87' lang='grc'>0111111110</span> <span class='ocrx_word' id='word_1_223' title='bbox 574 2576 666 2624; x_wconf 87' lang='lat' dir='ltr'>quia</span> <span class='ocrx_word' id='word_1_224' title='bbox 695 2576 849 2612; x_wconf 84' lang='lat' dir='ltr'>ratione</span> <span class='ocrx_word' id='word_1_225' title='bbox 880 2576 921 2612; x_wconf 90' lang='lat' dir='ltr'>id</span> <span class='ocrx_word' id='word_1_226' title='bbox 950 2575 1039 2613; x_wconf 84' lang='lat' dir='ltr'>fieri</span> <span class='ocrx_word' id='word_1_227' title='bbox 1070 2574 1352 2621; x_wconf 80' lang='lat' dir='ltr'>arbitrabatur,</span> <span class='ocrx_word' id='word_1_228' title='bbox 1387 2586 1443 2620; x_wconf 87' lang='lat' dir='ltr'>ea,</span> <span class='ocrx_word' id='word_1_229' title='bbox 1476 2585 1562 2621; x_wconf 85' lang='lat' dir='ltr'>quae</span> <span class='ocrx_word' id='word_1_230' title='bbox 1595 2575 1686 2609; x_wconf 85' lang='lat' dir='ltr'>ante</span> <span class='ocrx_word' id='word_1_231' title='bbox 1715 2572 1787 2609; x_wconf 90' lang='lat' dir='ltr'>ini-</span> 
     </span>
     <span class='ocr_line' id='line_1_29' title="bbox 287 2639 1786 2692; baseline -0.002 -13"><span class='ocrx_word' id='word_1_232' title='bbox 287 2643 388 2679; x_wconf 86' lang='lat' dir='ltr'>tium</span> <span class='ocrx_word' id='word_1_233' title='bbox 418 2642 560 2679; x_wconf 80' lang='lat' dir='ltr'>fabulae</span> <span class='ocrx_word' id='word_1_234' title='bbox 592 2646 679 2679; x_wconf 86' lang='lat' dir='ltr'>acta</span> <span class='ocrx_word' id='word_1_235' title='bbox 716 2655 798 2679; x_wconf 86' lang='lat' dir='ltr'>esse</span> <span class='ocrx_word' id='word_1_236' title='bbox 838 2645 1081 2692; x_wconf 81' lang='lat' dir='ltr'>spectatores</span> <span class='ocrx_word' id='word_1_237' title='bbox 1121 2643 1274 2679; x_wconf 88' lang='lat' dir='ltr'>novisse</span> <span class='ocrx_word' id='word_1_238' title='bbox 1312 2640 1488 2686; x_wconf 86' lang='lat' dir='ltr'>volebat,</span> <span class='ocrx_word' id='word_1_239' title='bbox 1522 2639 1668 2677; x_wconf 89' lang='lat' dir='ltr'>diserte</span> <span class='ocrx_word' id='word_1_240' title='bbox 1698 2651 1786 2676; x_wconf 89' lang='lat' dir='ltr'>nar-</span> 
     </span>
     <span class='ocr_line' id='line_1_30' title="bbox 289 2707 1790 2759; baseline -0.002 -13"><span class='ocrx_word' id='word_1_241' title='bbox 289 2723 377 2746; x_wconf 83' lang='lat' dir='ltr'>rare</span> <span class='ocrx_word' id='word_1_242' title='bbox 415 2710 580 2759; x_wconf 78' lang='lat' dir='ltr'>incepit,</span> <span class='ocrx_word' id='word_1_243' title='bbox 623 2710 704 2746; x_wconf 86' lang='lat' dir='ltr'>sive</span> <span class='ocrx_word' id='word_1_244' title='bbox 742 2709 815 2746; x_wconf 88' lang='lat' dir='ltr'>dco</span> <span class='ocrx_word' id='word_1_245' title='bbox 854 2710 985 2758; x_wconf 83' lang='lat' dir='ltr'>aliquo</span> <span class='ocrx_word' id='word_1_246' title='bbox 1024 2722 1154 2746; x_wconf 82' lang='lat' dir='ltr'>rerum</span> <span class='ocrx_word' id='word_1_247' title='bbox 1195 2709 1367 2746; x_wconf 87' lang='lat' dir='ltr'>omnium</span> <span class='ocrx_word' id='word_1_248' title='bbox 1406 2720 1530 2757; x_wconf 84' lang='lat' dir='ltr'>gnaro</span> <span class='ocrx_word' id='word_1_249' title='bbox 1572 2707 1790 2756; x_wconf 88' lang='lat' dir='ltr'>interprete</span> 
     </span>
     <span class='ocr_line' id='line_1_31' title="bbox 288 2772 1790 2826; baseline -0.003 -13"><span class='ocrx_word' id='word_1_250' title='bbox 288 2790 399 2823; x_wconf 82' lang='lat' dir='ltr'>usus,</span> <span class='ocrx_word' id='word_1_251' title='bbox 433 2777 513 2813; x_wconf 87' lang='lat' dir='ltr'>sive</span> <span class='ocrx_word' id='word_1_252' title='bbox 543 2790 661 2813; x_wconf 83' lang='lat' dir='ltr'>unam</span> <span class='ocrx_word' id='word_1_253' title='bbox 694 2790 739 2813; x_wconf 86' lang='lat' dir='ltr'>ex</span> <span class='ocrx_word' id='word_1_254' title='bbox 771 2777 893 2825; x_wconf 78' lang='lat' dir='ltr'>ipsius</span> <span class='ocrx_word' id='word_1_255' title='bbox 923 2776 1066 2814; x_wconf 62' lang='lat' dir='ltr'>fabulae</span> <span class='ocrx_word' id='word_1_256' title='bbox 1096 2777 1275 2826; x_wconf 86' lang='lat' dir='ltr'>personis</span> <span class='ocrx_word' id='word_1_257' title='bbox 1317 2788 1472 2814; x_wconf 87' lang='lat' dir='ltr'>omnem</span> <span class='ocrx_word' id='word_1_258' title='bbox 1505 2787 1587 2810; x_wconf 90' lang='lat' dir='ltr'>rem</span> <span class='ocrx_word' id='word_1_259' title='bbox 1617 2772 1709 2810; x_wconf 87' lang='lat' dir='ltr'>inde</span> <span class='ocrx_word' id='word_1_260' title='bbox 1741 2772 1790 2810; x_wconf 87' lang='lat' dir='ltr'>ab</span> 
     </span>
     <span class='ocr_line' id='line_1_32' title="bbox 289 2840 1789 2880; baseline -0.002 -1"><span class='ocrx_word' id='word_1_261' title='bbox 289 2844 404 2880; x_wconf 87' lang='lat' dir='ltr'>initio</span> <span class='ocrx_word' id='word_1_262' title='bbox 449 2843 587 2880; x_wconf 84' lang='lat' dir='ltr'>ordine</span> <span class='ocrx_word' id='word_1_263' title='bbox 634 2847 856 2880; x_wconf 85' lang='lat' dir='ltr'>narrantem</span> <span class='ocrx_word' id='word_1_264' title='bbox 909 2843 1177 2880; x_wconf 84' lang='lat' dir='ltr'>introducens.</span> <span class='ocrx_word' id='word_1_265' title='bbox 1253 2843 1360 2880; x_wconf 87' lang='lat' dir='ltr'>Talis</span> <span class='ocrx_word' id='word_1_266' title='bbox 1404 2841 1580 2879; x_wconf 88' lang='lat' dir='ltr'>narratio</span> <span class='ocrx_word' id='word_1_267' title='bbox 1625 2840 1789 2878; x_wconf 87' lang='lat' dir='ltr'>senariis</span> 
     </span>
     <span class='ocr_line' id='line_1_33' title="bbox 291 2907 1790 2960; baseline -0.003 -13"><span class='ocrx_word' id='word_1_268' title='bbox 291 2911 466 2948; x_wconf 78' lang='lat' dir='ltr'>exhibita</span> <span class='ocrx_word' id='word_1_269' title='bbox 503 2911 745 2960; x_wconf 85' lang='lat' dir='ltr'>simplicibus</span> <span class='ocrx_word' id='word_1_270' title='bbox 782 2923 924 2959; x_wconf 84' lang='lat' dir='ltr'>parum</span> <span class='ocrx_word' id='word_1_271' title='bbox 961 2911 1114 2957; x_wconf 79' lang='lat' dir='ltr'>tragica</span> <span class='ocrx_word' id='word_1_272' title='bbox 1153 2910 1289 2946; x_wconf 88' lang='lat' dir='ltr'>multis</span> <span class='ocrx_word' id='word_1_273' title='bbox 1328 2911 1412 2947; x_wconf 83' lang='lat' dir='ltr'>visa</span> <span class='ocrx_word' id='word_1_274' title='bbox 1452 2911 1532 2955; x_wconf 85' lang='lat' dir='ltr'>est;</span> <span class='ocrx_word' id='word_1_275' title='bbox 1578 2908 1641 2944; x_wconf 85' lang='lat' dir='ltr'>cui</span> <span class='ocrx_word' id='word_1_276' title='bbox 1686 2907 1790 2944; x_wconf 87' lang='lat' dir='ltr'>enim</span> 
     </span>
     <span class='ocr_line' id='line_1_34' title="bbox 290 2977 1790 3027; baseline -0.001 -14"><span class='ocrx_word' id='word_1_277' title='bbox 290 2978 427 3026; x_wconf 82' lang='lat' dir='ltr'>ignota</span> <span class='ocrx_word' id='word_1_278' title='bbox 464 2981 523 3015; x_wconf 83' lang='lat' dir='ltr'>est</span> <span class='ocrx_word' id='word_1_279' title='bbox 561 2978 758 3016; x_wconf 87' lang='lat' dir='ltr'>cavillatio</span> <span class='ocrx_word' id='word_1_280' title='bbox 788 2978 1063 3027; x_wconf 83' lang='lat' dir='ltr'>Aristophanis</span> <span class='ocrx_word' id='word_1_281' title='bbox 1102 2977 1142 3014; x_wconf 90' lang='lat' dir='ltr'>in</span> <span class='ocrx_word' id='word_1_282' title='bbox 1172 2977 1312 3023; x_wconf 67' lang='lat' dir='ltr'>Baius,</span> <span class='ocrx_word' id='word_1_283' title='bbox 1352 2990 1388 3014; x_wconf 86' lang='lat' dir='ltr'>v.</span> <span class='ocrx_word' id='word_1_284' title='bbox 1425 2977 1531 3013; x_wconf 81' lang='lat'>1200</span> <span class='ocrx_word' id='word_1_285' title='bbox 1564 2988 1671 3024; x_wconf 88' lang='lat' dir='ltr'>sqq.,</span> <span class='ocrx_word' id='word_1_286' title='bbox 1712 2987 1790 3023; x_wconf 86' lang='lat' dir='ltr'>qua</span> 
     </span>
    </p>
   </div>
  </div>
 </body>
</html>
