1926 3275
765 296 806 331 V.
834 299 1024 332 340—351.
1566 306 1645 343 271

144 425 239 462 Cist.
276 426 375 463 191:
412 425 491 471 „Ut
521 429 612 462 sunt
642 425 855 463 humana“.
902 427 1019 476 Epid.
1048 429 1147 465 720:
1187 427 1327 473 „Solve
1359 430 1492 467 sane⁴‘.
1539 430 1647 468 Poen.

147 493 273 531 1059:
311 492 438 539 „Quid
462 491 570 530 ais‘?“
616 494 700 531 Mil.
722 496 820 531 529:
860 495 1072 544 „Aperitur
1095 495 1232 533 foris'·‘.
1279 497 1379 533 737:
1410 497 1548 543 „Nunc
1570 499 1648 535 iam

141 562 230 598 istis
260 561 378 598 rebus
409 560 548 598 desisti
579 560 730 598 decet“.
778 562 877 599 Nam
900 552 1069 600 Ritschl.
1097 568 1246 600 temere
1273 564 1333 601 his
1366 564 1521 602 duobus
1553 566 1649 603 locis

142 629 303 666 lacunas
333 630 490 666 statuit.
537 629 697 666 Terent.
724 629 824 667 Eun.
853 632 945 667 545.
992 630 1121 668 Etiam
1149 631 1292 670 Heaut.
1321 633 1370 668 65
1405 637 1496 670 ante
1533 647 1647 682 „pro-

142 695 259 734 inde“
304 697 591 747 expectabatur
633 696 748 743 „sed“
792 703 860 735 aut
907 713 974 744 „ae
1014 703 1184 737 tainen‘·.
1224 720 1281 724 —
1320 702 1413 738 351.
1447 699 1650 750 accipiere

141 763 255 815 faxo.
316 765 657 814 Frequentissime
697 766 804 815 apud
835 766 1019 803 Plautum
1061 765 1162 817 faxo
1208 781 1295 804 cum
1342 769 1468 806 altero
1514 770 1649 807 futuro

142 832 348 870 indicativi
378 833 575 882 iungitur,
608 837 652 869 ut
684 833 756 870 hoc
791 835 955 871 verbum
995 849 1074 872 non
1114 839 1226 884 regat
1260 834 1474 886 (particula
1506 838 1554 875 m‘·
1581 842 1649 875 aut

142 901 277 952 posita
308 904 376 938 aut
407 898 581 948 omissa),
615 901 685 938 sed
716 915 763 938 ex
794 915 906 952 aequo
938 904 1112 952 positum
1144 904 1226 940 fere
1257 905 1502 954 parenthesis
1529 906 1648 943 modo

142 969 431 1015 interiiciatur;
471 969 683 1018 verbisque
715 970 769 1006 sic
800 971 944 1008 iunctis
982 971 1217 1020 pleriunque
1256 985 1335 1009 non
1374 976 1455 1009 tam
1487 973 1649 1011 effectus

142 1036 387 1087 significatur
418 1050 534 1086 quam
566 1036 792 1084 affirmatio,
819 1042 933 1075 tanto
960 1039 1130 1088 gravior,
1160 1039 1278 1088 quod,
1306 1041 1373 1089 qui
1398 1039 1578 1088 affirmat,
1607 1055 1648 1078 se

142 1107 227 1156 ipse
267 1108 469 1142 auctorem
506 1105 709 1155 praedicat.
770 1105 866 1142 Rem
905 1107 1056 1156 primus
1097 1111 1277 1144 accurate
1317 1110 1506 1146 tractavit
1535 1109 1648 1146 Mad-

142 1174 270 1221 vigius
301 1175 344 1211 in
374 1173 584 1222 Opusculis
614 1173 671 1220 H,
704 1186 742 1222 p.
776 1175 826 1210 75
860 1187 965 1223 sqq.‚
1007 1175 1074 1223 qui
1113 1188 1233 1223 quum
1272 1180 1364 1224 post
1403 1175 1504 1225 faxo
1543 1177 1648 1226 apud

142 1241 326 1278 Plautum
359 1245 400 1278 et
430 1241 659 1278 Terentium
691 1242 860 1290 ampli-us
893 1243 1181 1292 quinquaginta
1212 1243 1308 1279 locis
1339 1243 1517 1281 futurum
1547 1245 1648 1281 indi-

145 1310 263 1347 cativi
294 1310 530 1356 invenisset,
571 1310 866 1347 coniunctivum
907 1311 1063 1347 circiter
1101 1311 1289 1357 sedecim,
1327 1314 1364 1347 et
1397 1312 1444 1348 iis
1476 1312 1646 1361 quidem,

143 1377 212 1414 ubi
241 1391 319 1415 una
351 1381 420 1414 aut
452 1377 606 1414 duabus
640 1378 787 1415 litteris
818 1380 982 1415 mutatis
1017 1376 1058 1425 (α
1089 1380 1129 1415 in
1162 1390 1199 1426 e,
1232 1377 1291 1416 37¹2*
1320 1381 1359 1416 in
1392 1376 1490 1427 erit)
1522 1380 1647 1417 salva-

145 1459 220 1495 que
251 1458 434 1483 mensura
474 1446 650 1483 futurum
683 1447 841 1483 restitui
872 1451 1024 1495 posset,
1059 1447 1168 1483 illam
1200 1447 1364 1484 formam
1396 1447 1521 1485 solam
1551 1448 1647 1496 legi-

143 1515 283 1550 timam
321 1526 406 1550 esse
447 1513 650 1560 censebat,
693 1515 967 1551 coniunctivos
1012 1514 1267 1551 librariorum
1309 1518 1377 1552 aut
1415 1517 1539 1552 errori
1580 1519 1649 1552 aut

143 1581 312 1619 licentiae
343 1581 560 1618 tribuebat.
612 1581 704 1627 Quae
737 1595 974 1631 quamquam
1007 1584 1210 1620 verissime
1241 1584 1516 1621 animadversa
1546 1590 1646 1631 sunt,

144 1662 216 1699 ego
256 1653 390 1686 tamen
421 1649 562 1686 Plauto
602 1653 683 1686 tam
721 1663 875 1687 severas
917 1652 1146 1687 constantiae
1185 1651 1290 1700 leges
1330 1652 1532 1700 imponere
1570 1666 1648 1689 non

144 1718 287 1764 ausim,
320 1719 541 1767 praesertim
574 1732 693 1767 quum
725 1732 802 1754 uno
833 1718 939 1765 loco,
974 1719 1079 1767 quod
1111 1719 1205 1755 mihi
1234 1720 1509 1768 gravissimum
1540 1719 1648 1756 vide-

142 1790 228 1832 tur,
270 1788 388 1822 etiam
427 1786 474 1822 ut
512 1785 682 1822 addatur
716 1784 842 1833 (Asin.
877 1788 977 1824 893:
1026 1787 1140 1832 „faxo
1172 1791 1217 1823 ut
1250 1785 1407 1834 scias‘²).
1470 1787 1649 1824 Futuri

143 1853 323 1902 exempla
352 1853 434 1890 haec
466 1858 578 1890 sunt:
610 1854 753 1903 Amph.
789 1855 888 1891 351:
924 1855 1115 1903 accipiere
1147 1855 1171 1891 f.
1232 1855 1330 1891 991:
1365 1855 1390 1892 f.
1426 1854 1647 1892 deludetur.

148 1923 274 1959 1123:
307 1921 332 1958 f.
366 1921 481 1958 dices.
538 1922 648 1958 Asin.
687 1923 785 1959 131:
820 1922 845 1958 f.
880 1928 1008 1962 erunt.
1067 1924 1166 1959 742:
1200 1923 1402 1960 horrescet
1434 1922 1459 1959 f.
1507 1922 1647 1960 Bacch.

146 1990 245 2026 502:
279 1989 305 2026 s.
337 1989 443 2026 haud
476 1989 592 2027 dicet.
637 1991 736 2027 710:
770 1990 794 2027 f.
828 1990 889 2026 hic
923 1994 1050 2027 erunt.
1096 1991 1194 2027 824:
1230 1991 1254 2027 f.
1282 1992 1358 2027 iam
1385 1992 1495 2027 scies.
1536 1991 1647 2040 Capt.

150 2058 277 2095 1003:
311 2056 337 2093 f.
369 2059 516 2094 uenies.
565 2058 649 2095 Cas.
670 2059 771 2094 461:
806 2057 932 2094 aberit
963 2058 988 2094 f.
1035 2057 1150 2107 Epid.
1174 2061 1272 2095 157:
1305 2059 1385 2095 Iam
1413 2059 1438 2095 f.
1466 2058 1529 2095 hic
1562 2060 1647 2095 erit.

146 2125 247 2161 465:
286 2124 507 2174 possidebit
545 2126 570 2163 f.
634 2127 734 2162 646:
771 2126 801 2162 f.
839 2126 970 2163 scibis.
1035 2128 1134 2163 701:
1177 2126 1201 2163 f.
1236 2127 1345 2163 scies.
1405 2127 1511 2163 Men.
1548 2128 1645 2164 32:22

143 2192 360 2230 madebunt
386 2193 411 2230 f.
460 2195 561 2230 458:
596 2193 621 2230 f.
651 2194 769 2230 dices.
821 2195 921 2230 549:
948 2194 973 2230 f.
1000 2195 1212 2243 opprimes.
1262 2196 1362 2231 648:
1390 2195 1414 2230 f.
1441 2196 1646 2232 referetur.

145 2262 244 2297 779:
278 2261 302 2298 f.
336 2260 497 2298 amabit.
546 2262 647 2298 930:
680 2261 837 2310 potabis
869 2261 894 2298 f.
944 2262 1042 2298 930:
1077 2261 1103 2298 f.
1139 2263 1225 2298 erit.
1273 2262 1357 2298 Mil.
1392 2263 1491 2299 465:
1527 2263 1552 2299 f.
1585 2263 1647 2299 hic

144 2329 230 2365 erit.
292 2329 418 2365 1358:
451 2328 477 2364 f.
511 2328 628 2365 dices.
682 2329 823 2366 Pseud.
859 2330 932 2365 49:
966 2327 991 2365 f.
1024 2329 1131 2366 scies.
1192 2331 1289 2367 387:
1324 2332 1348 2368 f.
1383 2332 1492 2368 scies.
1547 2332 1644 2367 393:

143 2395 167 2432 f.
194 2395 335 2433 aderit.
387 2396 514 2432 1040:
548 2397 572 2433 f.
599 2396 729 2433 scibis.
782 2397 907 2434 1044:
937 2397 963 2433 f.
990 2397 1276 2446 amplexabere.
1329 2399 1454 2435 1326:
1482 2398 1507 2434 f.
1534 2399 1645 2434 feres.

143 2463 249 2500 Poen.
287 2465 386 2501 173:
419 2463 444 2500 f.
478 2466 588 2500 scies.
647 2465 747 2501 368:
781 2465 805 2500 f.
839 2464 961 2501 dabit.
1012 2465 1113 2502 460:
1147 2465 1171 2501 f.
1206 2470 1332 2502 erunt.
1382 2467 1482 2502 911:
1517 2466 1646 2515 dispe-

142 2531 238 2568 ribit
267 2531 293 2568 f.
357 2532 456 2568 913:
490 2532 516 2568 f.
549 2533 638 2569 eris.
700 2532 806 2569 Pers.
844 2533 942 2569 162:
976 2533 1000 2569 f.
1035 2532 1214 2569 aderunt.
1276 2534 1373 2570 196:
1407 2533 1588 2570 laudabis
1620 2534 1644 2570 f.

145 2600 246 2637 440:
279 2598 304 2635 f.
338 2600 426 2636 erit.
475 2600 576 2635 447:
610 2600 636 2636 f.
670 2600 807 2637 aderit.
855 2600 956 2637 Rud.
993 2601 1090 2637 578:
1125 2606 1353 2637 exarescent
1385 2601 1408 2637 f.
1462 2603 1587 2638 1551:
1621 2602 1645 2638 f.

144 2666 279 2703 exibit.
329 2666 488 2704 Trucul.
525 2667 623 2703 119:
657 2667 681 2703 f.
716 2671 840 2704 erunt.
888 2669 989 2705 427:
1024 2669 1050 2705 f.
1082 2668 1144 2704 hic
1176 2669 1316 2706 aderit.
1367 2670 1466 2705 748:
1499 2668 1524 2705 f.
1559 2670 1644 2705 erit.

143 2733 290 2771 Terent
319 2734 442 2771 Andr.
476 2736 576 2772 854:
611 2735 636 2772 f.
671 2735 818 2772 audies.
877 2735 977 2773 Eun.
1013 2737 1112 2773 285:
1148 2736 1172 2773 f.
1206 2737 1428 2773 insultabis.
1487 2737 1587 2773 <3632
1621 2737 1645 2773 f.

143 2802 254 2839 scies.
286 2801 443 2839 Phorm.
465 2804 544 2840 308
571 2807 610 2840 et
638 2804 763 2841 1055:
796 2803 821 2840 f.
848 2803 911 2841 hic
935 2804 1073 2841 aderit.
1093 2803 1292 2840 —Futu
1305 2806 1344 2840 ri
1377 2805 1541 2841 exacti
1566 2804 1647 2840 haec

144 2869 322 2918 exempla
353 2875 461 2907 sunt:
494 2871 626 2908 Aulul.
647 2872 746 2908 568:
780 2871 806 2908 f.
829 2871 1062 2921 perdiderit.
1110 2872 1220 2921 Capt.
1242 2873 1341 2909 793:
1374 2871 1398 2908 f.
1432 2871 1645 2908 obstiterit.
