1926 3275
299 273 318 311 1
327 272 378 312 56
905 267 1184 312 Prolegomena.

410 397 612 444 Codicem,
645 400 692 434 ut
722 397 910 444 diximus,
942 396 1073 433 Maius
1103 396 1274 442 invenit,
1307 395 1376 444 qui
1405 408 1532 446 pauca
1570 396 1653 433 eius
1691 395 1796 446 frag-

295 470 429 504 menta
471 479 544 503 nec
589 466 735 516 optime
780 465 881 502 lecta
926 478 1028 502 anno
1071 465 1176 501 1815
1224 463 1364 501 edidit.
1425 463 1524 501 Tum
1555 464 1796 502 Ritschelius

297 534 491 581 codicem,
524 547 639 583 quem
671 533 739 570 diu
771 536 810 570 et
841 535 1021 570 accurate
1051 534 1315 578 tractaverat,
1347 532 1389 569 in
1420 532 1588 581 epistola
1618 532 1669 569 ad
1698 532 1796 570 Her-

296 615 482 639 mannum
514 599 654 648 (1837,
688 600 828 650 Opusc.
861 600 918 647 II,
950 614 989 650 p.
1026 600 1103 636 166
1136 596 1241 648 sqq.)
1275 599 1487 650 descripsit
1517 602 1557 636 et
1587 613 1674 649 quae
1704 599 1798 637 inde

297 672 528 707 enotaverat
557 670 598 705 in
628 682 770 706 novem
800 668 945 705 fabulis
976 681 998 704 a
1028 680 1068 704 se
1099 667 1212 704 editis
1235 667 1463 716 publicavit.
1511 667 1606 713 Quis
1630 668 1799 705 miretur

297 738 338 774 in
367 740 450 774 tam
481 735 633 773 difficili
664 749 785 786 opera
813 735 1014 772 interdum
1046 737 1220 772 erratum
1251 748 1352 782 esse,
1386 738 1455 772 aut
1484 735 1601 784 plura
1631 735 1679 772 ab
1711 735 1798 773 aliis

296 805 450 842 felicius
481 804 566 841 erui
596 803 800 852 potuisse?
831 803 915 840 Hoc
944 803 1103 841 nomine
1134 815 1212 839 non
1241 802 1482 841 Ritschelius
1511 803 1798 853 vituperandus

298 875 367 919 est,
401 872 469 908 sed
497 871 557 907 illi
586 871 789 908 laudandi.
837 871 1156 908 Schwarzmanni
1188 870 1452 917 collationem,
1479 883 1565 920 quae
1590 870 1641 908 ad
1655 870 1799 908 Fleck-

298 940 488 977 eisenium
531 940 732 989 pervenit,
778 952 859 976 non
902 939 1013 986 novi,
1055 938 1298 988 Geppertum
1342 938 1532 986 laudabo,
1573 939 1642 988 qui
1679 942 1720 976 et
1756 939 1800 977 in

296 1007 459 1054 fabulis,
493 1020 589 1056 quas
621 1006 765 1053 edidit,
798 1007 1043 1056 palimpsesti
1074 1008 1292 1055 scripturas
1322 1006 1491 1055 protulit
1522 1009 1562 1043 et
1590 1006 1800 1044 Ritschelij

298 1076 474 1113 convicio
507 1077 662 1112 coactus
695 1088 728 1111 a.
765 1074 870 1111 1847
909 1074 1085 1111 libellum
1123 1074 1282 1123 scripsit
1319 1087 1398 1111 non
1426 1074 1608 1111 inutilem
1643 1074 1801 1121 „Ueber

298 1142 375 1180 den
399 1143 532 1180 Codex
553 1141 836 1179 Ambrosianus
867 1142 949 1179 und
980 1142 1117 1179 seinen
1139 1141 1314 1178 Einfiuss
1346 1141 1416 1178 auf
1442 1141 1504 1178 die
1529 1141 1800 1180 Plautinische

298 1208 473 1257 Kritik“,
507 1213 547 1247 et
576 1223 704 1259 nuper
732 1211 775 1246 in
805 1210 976 1247 secundo
1007 1210 1196 1247 fasciculo
1225 1209 1479 1256 „Studiorum
1494 1207 1794 1248 Plautinorum“

302 1275 447 1324 (1871)
482 1278 560 1314 alia
588 1290 666 1314 non
696 1290 823 1327 pauca
854 1278 936 1314 eius
965 1278 1192 1315 testimonia
1223 1278 1373 1314 attulit.
1431 1276 1509 1315 Sed
1540 1279 1680 1315 ceteris
1711 1277 1800 1314 dili-

298 1347 454 1395 gentius
485 1348 525 1382 et
554 1345 706 1382 felicius
738 1344 826 1382 Gul.
859 1345 1109 1383 Studemund
1137 1345 1419 1382 Ambrosianas
1454 1344 1617 1383 schedas
1655 1346 1801 1382 exami-

298 1414 428 1460 navit3
477 1414 545 1462 qui
581 1416 792 1462 postquam
832 1417 871 1451 et
907 1415 948 1450 in
978 1414 1134 1451 Hermae
1164 1413 1242 1450 vol.
1272 1413 1311 1450 II
1348 1416 1388 1450 et
1423 1413 1465 1450 in
1507 1416 1801 1463 programmate

301 1481 457 1518 concilii
486 1480 719 1529 philologici
735 1481 982 1531 Wirceburgi
1016 1495 1049 1518 a.
1086 1482 1191 1518 1868
1224 1481 1363 1528 habiti,
1395 1481 1436 1517 in
1461 1480 1683 1518 Annalibus
1711 1481 1800 1531 phi-

298 1547 364 1585 101.
400 1561 433 1585 a.
470 1549 589 1595 1866,
622 1548 788 1598 aliisque
817 1549 915 1586 locis
946 1549 1234 1599 pretiosissima
1258 1561 1423 1598 quaeque
1447 1562 1494 1585 ex
1515 1548 1584 1586 illo
1610 1549 1800 1587 thesauro

299 1616 486 1666 protulit,
527 1616 721 1665 integram
759 1616 883 1653 totius
930 1617 1076 1653 codicis
1122 1619 1160 1653 et
1204 1617 1540 1653 accuratissimam
1585 1616 1800 1654 editionem

299 1684 508 1734 promittit.
568 1684 653 1733 Ego
685 1697 843 1732 quoque
873 1685 1125 1734 palimpsesti
1167 1684 1265 1721 folia
1296 1685 1522 1721 examinare
1550 1684 1698 1733 incepi,
1731 1683 1801 1722 sed

299 1751 527 1789 valetudine
573 1764 674 1801 opus
717 1752 991 1801 imperfectum
1037 1753 1272 1802 abrumpere
1311 1755 1468 1789 coactus
1505 1764 1703 1802 perpauca
1738 1752 1799 1799 iis,

300 1831 386 1867 quae
424 1819 492 1855 alii
529 1818 734 1866 viderunt,
774 1819 921 1856 addere
951 1833 1123 1869 possum.
1155 1840 1212 1845 —
1241 1820 1449 1857 Pertinent
1486 1823 1615 1856 autem
1660 1819 1801 1857 horum

299 1886 609 1935 fragmentorum
654 1887 704 1923 ad
747 1890 828 1924 tres
872 1888 1020 1936 primas
1065 1887 1219 1924 fabula-s
1258 1887 1429 1934 nullum,
1467 1900 1517 1924 ne
1554 1887 1802 1925 Curculionis

275 1951 289 1960 ³
301 1953 458 2002 quidem
490 1953 703 2002 quidquam
734 1957 854 1991 extat.
902 1955 995 2000 Quae
1025 1958 1243 1992 ceterarum
1273 1955 1498 1991 fabularum
1527 1955 1666 1992 relicta
1695 1957 1798 2002 sunt,

301 2021 546 2058 enumeravit
583 2020 770 2070 Geppert,
816 2021 947 2059 Ueber
994 2022 1030 2059 d.
1072 2022 1204 2059 Codex
1240 2022 1378 2059 Ambr.
1424 2035 1463 2071 p.
1506 2023 1557 2060 26
1597 2036 1654 2072 sq.
1715 2022 1800 2060 Hoc

300 2090 432 2124 autem
472 2087 610 2124 ordine
641 2088 785 2125 fabulae
817 2090 974 2139 scriptae
1005 2093 1136 2126 erant:
1169 2089 1405 2136 Bacchides,
1439 2089 1612 2139 Captivi,
1645 2089 1798 2138 Casina,

301 2154 541 2202 Cistellaria,
581 2155 789 2205 Epidicus,
829 2156 1046 2204 Mercator,
1088 2157 1351 2204 Mostellaria,
1384 2157 1520 2204 Miles,
1553 2157 1798 2205 Menaechmi,

300 2222 562 2269 Trinummus,
595 2223 874 2270 Truculentus,
906 2224 1127 2271 Vidularia,
1160 2225 1298 2271 Persa,
1331 2225 1536 2272 Poenulus,
1568 2225 1798 2273 Pseudolus,

300 2288 482 2336 Rudens,
516 2290 689 2337 Stichus,
728 2291 785 2328 ita
821 2294 867 2328 ut
896 2291 1186 2339 Trinummum,
1220 2293 1523 2339 Truculentum,
1555 2293 1800 2330 Vidulariam

301 2356 428 2393 alieno
467 2357 554 2394 loco
592 2358 743 2407 positas
782 2372 866 2395 esse
897 2363 1099 2408 appareat.
1160 2360 1375 2397 Vidulariae
1406 2360 1627 2409 fragmenta
1659 2360 1800 2398 Stude-

301 2424 484 2461 mundius
515 2424 643 2462 edidit
672 2426 712 2462 in
742 2426 871 2463 indice
902 2427 1123 2464 scholarum
1154 2426 1442 2476 Gryphiswald.
1475 2441 1508 2465 a.
1545 2424 1703 2475 18⁷⁰s71.

415 2492 547 2529 Codex
598 2493 821 2530 uncialibus
865 2494 1009 2531 litteris
1056 2494 1267 2531 admodum
1311 2495 1450 2531 nitidis
1496 2495 1664 2544 scriptus
1709 2494 1797 2532 fuit.

302 2557 446 2596 Versus
478 2560 658 2609 plerique
698 2562 864 2610 singulis
902 2562 1016 2599 lineis
1047 2563 1185 2611 scripti
1216 2565 1325 2609 sunt,
1358 2563 1434 2599 nisi
1465 2562 1571 2611 quod
1601 2562 1799 2610 longiores

301 2626 498 2663 interdum
551 2629 609 2664 ita
661 2628 912 2676 dividuntur,
965 2633 1011 2666 ut
1064 2630 1162 2667 duas
1207 2630 1330 2666 lineas
1379 2632 1585 2678 occupent.
1646 2629 1799 2666 Variati

301 2695 453 2730 numeri
498 2694 578 2731 fere
623 2695 682 2731 ita
726 2696 969 2743 indicantur,
1015 2700 1060 2734 ut
1105 2701 1197 2733 ante
1242 2694 1448 2734 breviores
1492 2709 1628 2734 versus
1664 2696 1797 2743 latior,

302 2764 393 2797 ante
424 2761 620 2810 longiores
651 2764 856 2809 augustior
886 2777 1020 2813 margo
1046 2764 1308 2813 relinquatur.
1355 2764 1616 2801 Personarum
1639 2764 1798 2800 nomina

301 2828 411 2864 nulla
441 2829 708 2875 inveniuntur,
741 2831 823 2866 sive
856 2832 984 2880 spatia
1015 2832 1062 2868 iis
1093 2832 1233 2868 relicta
1263 2845 1476 2881 numquam
1507 2831 1664 2880 expleta
1693 2833 1796 2878 sunt,
