1926 3275
221 293 303 331 280
853 288 1088 332 Amphitruo.

220 439 276 443 -—
306 418 401 454 470.
440 413 540 465 Qum
568 413 700 465 facta,
734 430 784 454 sc.
818 421 926 464 sunt,
959 417 1036 454 vid.
1073 417 1122 453 ad
1153 430 1188 453 v.
1223 418 1315 454 590.
1351 437 1400 442 —-
1435 419 1529 455 471.
1563 418 1721 465 Versus,

220 491 266 523 ut
294 487 335 522 in
366 485 477 522 codd.
511 489 580 531 est,
612 486 678 522 vix
708 484 904 530 ferendus,
939 498 1024 521 cuin
1055 485 1166 521 hiatu
1197 488 1286 521 ante
1318 482 1361 522 in
1393 490 1431 522 et
1458 489 1657 536 anapaesto
1680 487 1722 523 in

222 555 360 604 quinto
399 552 513 603 pede.
576 552 704 598 Quare
746 551 918 589 editores
958 565 1043 589 voc.
1085 549 1271 601 comitissis
1307 555 1516 591 traiectum
1554 558 1722 603 putant·⁷

219 635 321 659 unus
347 620 644 657 Lindemannus
668 620 771 656 vidit
801 633 847 656 ne
882 621 1106 666 genetivum
1144 620 1302 669 quidem
1333 621 1428 657 ferri
1459 635 1587 671 posse,
1621 621 1722 658 dati-

219 703 308 727 vum
339 685 501 737 eom'uyi
522 688 684 736 requiri,
712 701 828 737 quem
852 691 1008 724 secutus
1036 701 1132 734 sum,
1159 701 1230 724 nec
1255 689 1356 724 enini
1380 689 1472 726 huic
1496 689 1635 725 similis
1661 693 1723 726 est

219 759 327 794 locus
351 756 477 792 Vellei
503 755 553 801 II,
581 756 645 801 65,
675 756 716 792 1:
754 756 812 801 „si
839 754 968 792 Caesar
1000 757 1082 792 eius
1115 760 1395 804 aspernaretur
1426 756 1720 794 concordiam“.

220 825 371 862 Loman
393 824 595 860 licentius:
627 823 821 870 „Rediget
845 836 931 860 cum
957 824 1117 872 coniuge
1143 824 1343 873 antiquam
1368 825 1406 860 111
1431 824 1720 861 concordiam“.

224 913 272 917 —
293 893 387 929 473.
400 887 547 939 probri
556 901 569 938 ,·
586 891 670 927 tum
688 891 781 928 olim
800 891 1061 927 emendatum.
1079 912 1135 915 —
1153 892 1247 928 474.
1273 889 1314 928 in
1338 889 1607 942 tranquillum
1632 903 1723 930 con-

219 958 334 1008 ferel‘,
363 958 534 1004 sedabit,
568 956 821 1006 seditionmn,
852 959 898 995 cf.
918 959 1005 995 Ter.
1025 959 1147 995 Andr.
1171 960 1270 996 83οε
1309 960 1544 1009 „perpulisti
1575 973 1646 1007 me,
1679 963 1724 997 ut

219 1029 370 1065 homini
400 1027 694 1064 adulescentulo
727 1027 772 1063 In
804 1027 879 1063 alio
917 1030 1108 1076 occupato
1150 1020 1566 1074 amore,⁰abhor1·enti
1598 1028 1646 1065 ab
1679 1041 1724 1065 re

219 1097 372 1142 uxoria,
397 1095 538 1131 Filiam
562 1099 605 1131 ut
631 1095 765 1131 darem
787 1096 825 1130 in
844 1094 1077 1131 seditionem
1097 1098 1214 1144 atque
1231 1095 1271 1131 in
1288 1095 1458 1132 incertas
1476 1097 1649 1144 nuptias.
1667 1116 1722 1120 —

221 1166 315 1201 475.
336 1161 503 1210 dudum,
528 1176 562 1199 v.
590 1163 666 1199 110
693 1175 778 1211 sqq.
804 1159 956 1209 mineus,
981 1176 1131 1211 parum.
1155 1182 1202 1186 -—
1223 1163 1317 1199 478.
1344 1161 1615 1211 smm'n'cclust;
1638 1178 1722 1201 ver-

220 1232 311 1269 bum
335 1230 488 1267 finitum
515 1230 669 1266 addidit
684 1229 922 1276 Fleckeisen,
949 1230 1021 1267 hoc
1046 1230 1203 1279 quidem
1227 1231 1312 1267 loco
1339 1235 1456 1277 recte,
1489 1235 1533 1268 ut
1565 1233 1718 1281 opinor,

220 1301 409 1349 quoniam
440 1299 627 1346 temporis
660 1297 926 1347 discrepantia
957 1300 1089 1334 notari
1116 1298 1243 1337 debet.
1269 1319 1325 1324 —
1350 1300 1430 1336 480
1465 1313 1522 1348 sq.
1556 1296 1721 1347 minori,

220 1371 246 1405 i.
265 1382 297 1404 e.
317 1370 445 1413 aetate,
465 1367 589 1402 serius
608 1370 809 1414 concepto,
830 1365 1010 1412 Herculi3
1037 1363 1181 1413 maior,
1205 1368 1227 1403 i.
1249 1380 1278 1403 e.
1300 1367 1505 1414 dignitate,
1526 1367 1720 1417 Iuppiter.

222 1432 380 1482 Iilinor,
412 1433 661 1483 Amphitruo,
694 1430 854 1480 maiori,
888 1434 911 1470 i.
943 1448 973 1470 e.
1007 1434 1149 1484 Iphicli
1180 1439 1294 1483 pater
1326 1438 1397 1471 est.
1421 1454 1479 1458 —-
1503 1435 1597 1471 482.
1625 1434 1725 1472 Post

219 1499 460 1541 Alcumeuoe
481 1501 612 1537 hiatus
637 1501 677 1537 in
701 1514 862 1538 caesura.
896 1501 955 1538 Fl.
981 1503 1227 1551 transponit:
1259 1502 1442 1549 „honoris
1466 1500 1621 1549 huius“‚
1644 1516 1723 1552 quo

221 1571 415 1608 chiasmus
454 1570 519 1605 vix
557 1569 839 1618 intelligendus
877 1570 1014 1606 oritur.
1077 1570 1223 1607 Muller
1266 1568 1473 1617 „huiusce“
1511 1570 1722 1608 scribebat.

220 1635 343 1676 leuius
381 1634 550 1675 honoris
585 1634 742 1686 qratia,
776 1637 822 1674 cf.
856 1637 944 1674 Aul.
981 1639 1051 1674 25:
1105 1638 1223 1684 „Eius
1263 1638 1425 1676 honoris
1464 1636 1634 1686 gratia“.
1667 1658 1724 1664 —-

221 1707 316 1751 483.
351 1702 513 1743 curauit
540 1714 622 1741 2020
654 1705 700 1742 uz‘
727 1701 812 1752 fetu
843 1702 971 1753 ficref,
1004 1719 1055 1743 sc.
1089 1710 1133 1743 ut
1161 1707 1336 1756 geminos
1360 1710 1530 1755 pareret,
1556 1719 1591 1743 V.
1620 1707 1722 1753 4763

221 1775 268 1811 cf.
295 1773 399 1810 infra
425 1774 518 1810 872.
574 1771 686 1818 Quod
717 1777 936 1822 sequuntur
966 1775 1186 1823 praesentia,
1221 1774 1298 1810 vid.
1328 1774 1377 1810 ad
1407 1775 1498 1811 192.
1545 1773 1605 1811 Fl.
1639 1787 1723 1812 cor-

221 1846 381 1891 ruptum
412 1834 566 1877 Versum
592 1840 775 1877 censebat
799 1845 838 1878 et
861 1841 1079 1879 Ritschelio
1107 1841 1205 1878 duce
1236 1843 1290 1878 sic
1320 1843 1543 1891 rescripsit:
1581 1841 1726 1889 „Pater

222 1909 375 1946 curabit
408 1906 602 1956 [Iuppiter
633 1921 805 1945 summus
837 1907 986 1956 ineus]“
1025 1908 1166 1958 (Epist.
1201 1911 1286 1946 crit.
1318 1923 1357 1959 p.
1390 1907 1534 1956 XVII).
1584 1909 1722 1948 Gertz:

227 1980 366 2025 „pater
404 1975 576 2021 curabit,
617 1989 694 2012 uno
733 1981 778 2013 ut
816 1977 897 2013 fetu
936 1977 1024 2023 fiat,
1066 1976 1145 2013 et“.
1177 1997 1234 2000 —
1265 1978 1360 2014 486.
1395 1975 1576 2025 suspicio
1608 1978 1721 2015 codd.

223 2047 418 2092 corrupte.
481 2042 661 2079 Lambin.
707 2043 953 2094 .,susceptio“
997 2046 1108 2093 quasi
1149 2045 1376 2094 conceptio,
1424 2045 1494 2082 sed
1530 2045 1604 2082 hoc
1645 2059 1723 2082 nou

221 2112 277 2147 ita
329 2111 485 2147 dicitur.
577 2109 782 2149 consuetio
836 2112 1062 2149 emendavit
1114 2112 1319 2162 Scioppius
1374 2127 1421 2150 ex
1473 2112 1617 2150 Donat.
1674 2113 1723 2150 ad

223 2179 379 2215 Terent.
413 2178 486 2215 Ad.
523 2179 622 2215 666:
670 2175 777 2227 „Qui
807 2177 879 2217 villa
912 2178 1123 2218 consueuit
1143 2177 1278 2228 prior.
1340 2180 1538 2217 Dicebant
1570 2185 1722 2218 veteres

225 2275 344 2282 .....
379 2245 626 2293 εὐσχημόνως,
657 2251 702 2283 ut
732 2247 915 2284 Plautus:
969 2248 1046 2294 „Ut
1085 2248 1330 2286 clandestine
1370 2252 1409 2285 et
1448 2249 1597 2286 celetur
1635 2262 1723 2286 con·

223 2312 428 2360 suetudo“,
469 2314 556 2350 coll.
589 2314 694 2351 Fest.
737 2328 774 2364 p.
810 2316 881 2352 61:
934 2315 1259 2362 „Consuetionein
1298 2316 1466 2353 Plautus
1514 2330 1586 2366 pro
1633 2330 1724 2354 con·

224 2381 430 2417 suetudine
463 2380 603 2419 dixit“.
650 2382 710 2419 Fl.
742 2382 845 2420 hunc
877 2397 1033 2421 versum
1066 2385 1317 2421 antecedenti
1348 2388 1586 2433 anteponere
1617 2385 1723 2421 vole-

224 2448 291 2485 bat
328 2449 382 2486 sic
420 2449 613 2487 scribens:
664 2450 743 2497 „Ut
782 2451 1032 2488 clandestina
1070 2452 1166 2489 haec
1205 2452 1354 2490 celetur
1402 2453 1624 2499 consuetio,
1666 2452 1724 2489 Ne

227 2514 329 2562 [illa]
364 2517 403 2552 in
435 2530 538 2566 susp.
571 2530 610 2567 p.
644 2516 697 2554 s.“
735 2538 789 2543 —
820 2520 914 2556 488,
950 2517 1073 2568 isse'tzt‘r
1112 2521 1188 2557 iam
1229 2521 1269 2557 in
1309 2520 1420 2557 codd.
1461 2519 1720 2557 emendatum.

223 2603 280 2607 ——
311 2584 404 2620 491.
440 2584 481 2621 ut
510 2586 551 2621 in
583 2585 613 2621 B
644 2585 702 2622 bis
733 2588 905 2635 positum
937 2589 1058 2624 ceteri
1090 2588 1202 2624 codd.
1235 2590 1368 2637 priore
1406 2589 1491 2625 loco
1523 2589 1720 2625 omittunt.

223 2670 279 2674 —-
310 2651 492 2698 expetere
523 2649 577 2700 ln,
609 2653 656 2689 cf.
685 2654 790 2690 infra,
816 2656 908 2691 583.
957 2654 1040 2692 Liv.
1067 2655 1096 2702 I,
1124 2657 1188 2702 22,
1216 2658 1259 2693 7:
1297 2660 1365 2702 „ut
1396 2657 1436 2692 in
1469 2669 1555 2692 eum
1588 2669 1721 2693 omues

225 2721 413 2767 expetant
435 2718 595 2757 huiusce
620 2720 750 2757 clades
773 2720 908 2758 belli“.
949 2721 1118 2759 Dativus
1141 2724 1304 2772 ponitur
1327 2724 1431 2760 infra
1458 2724 1536 2761 865
1563 2727 1602 2761 et
1627 2725 1720 2761 889.

227 2804 276 2809 -—
311 2786 404 2822 492.
439 2784 592 2834 crepuit
620 2784 728 2834 fori-5¹
754 2788 905 2835 domus,
932 2794 977 2826 ut
1000 2789 1045 2826 fit
1069 2804 1182 2827 verso
1207 2791 1376 2838 cardine,
1408 2795 1530 2841 ψοφεῖ.
1576 2792 1721 2829 Mirum

225 2853 477 2902 antiquorum
510 2858 550 2891 et
583 2857 843 2892 recentiorum
876 2869 1068 2904 errorem,
1110 2860 1176 2906 qui
1209 2864 1396 2896 exeuntes
1426 2859 1601 2909 pulsasse
1631 2873 1720 2909 por-
