1926 3275
262 292 343 332 202
580 302 583 305 ’
871 285 1150 330 Prolegomena.

261 419 338 466 III,
374 419 444 465 12,
478 416 523 464 2;
565 416 673 466 quod
711 417 742 453 si
781 428 951 464 syncope
983 414 1118 463 aliqua
1148 414 1254 451 facta
1285 416 1362 461 est,
1394 415 1479 451 veri
1510 414 1677 452 similius
1707 417 1768 452 est

262 487 425 524 alteram
464 499 581 535 quam
618 485 787 535 primam
831 482 1007 520 vocalem
1052 482 1189 519 elisam
1228 478 1342 529 esse.)
1403 481 1502 519 Item
1540 483 1582 519 in
1620 481 1768 520 Graeeis

266 551 589 604 „peristromata“
626 552 747 590 Stich.
783 552 876 598 378,
914 547 1186 597 ‚,Cleostrata“
1221 549 1263 586 in
1294 548 1436 586 Casina
1466 551 1629 600 saepius,
1662 549 1769 600 quod

263 623 381 660 etiam
419 635 490 672 per
528 620 726 669 synizesin
764 619 953 669 explicari
990 621 1138 669 potest.
1198 617 1357 655 Lueret.
1390 617 1456 665 IV,
1491 619 1571 655 840
1609 618 1769 665 „mollia

262 687 409 728 strata“
446 689 558 726 dixit.

375 756 453 796 Ubi
499 755 660 793 sibilans
697 756 832 792 littera
870 757 1019 791 mutam
1057 753 1252 804 sequitur,
1294 752 1422 792 Graeci
1459 752 1637 804 duplices
1676 767 1768 792 con-

262 828 447 863 sonantes
492 824 654 861 faciunt.
715 823 867 860 Harum
911 833 935 860 ,2‘
978 822 1223 872 posteriores
1269 822 1309 859 in
1349 821 1496 859 Graecis
1540 822 1769 860 nominibus

262 892 480 930 scribendis
520 892 693 929 mutuari
731 891 914 929 solebant
948 888 1097 938 (Quint.
1129 890 1225 937 XII,
1262 891 1333 937 10,
1368 887 1462 937 27),
1501 889 1635 927 Plauti
1671 894 1768 928 tem-

262 960 425 1011 poribus
465 963 534 997 aut
570 969 591 997 8
630 962 699 996 aut
735 968 780 996 88
819 957 1046 996 scribebant
1094 955 1301 1006 (Priscian.
1333 958 1371 1005 I,
1405 958 1478 1005 49,
1518 971 1557 1007 p.
1591 959 1641 996 36
1675 956 1766 1006 H.);

262 1030 396 1078 itaque
427 1028 558 1075 faciat,
592 1029 661 1077 qui
691 1027 798 1064 illam
831 1026 1029 1064 scribendi
1059 1027 1253 1063 rationem
1283 1026 1461 1063 revocari
1484 1039 1602 1075 posse
1632 1027 1771 1064 credat

266 1094 318 1144 (v.
349 1095 593 1133 Fleckeisen.
624 1095 750 1145 Epist.
783 1094 833 1132 ad
862 1094 1010 1132 Ritsch.
1043 1107 1082 1144 p.
1114 1094 1191 1131 XII
1223 1090 1322 1143 sq.),
1355 1106 1426 1130 nos
1458 1093 1611 1131 codices
1642 1095 1770 1132 secuti

264 1164 440 1202 Graecam
464 1164 637 1200 litteram
661 1164 908 1200 retinuimus.
951 1163 1163 1199 Positionis
1187 1161 1377 1209 neglectae
1403 1161 1626 1211 exemplum
1653 1162 1768 1199 affer-

262 1235 330 1269 tur
365 1230 603 1281 „trapezita“
639 1231 755 1280 Epid.
779 1232 870 1268 144.
902 1230 1010 1267 Trin.
1031 1232 1123 1277 425,
1156 1229 1307 1267 frustra
1331 1233 1580 1279 repugnante
1596 1230 1769 1268 Mullero

263 1313 301 1350 p.
336 1301 430 1337 259.

377 1368 455 1405 Pro
487 1377 529 1405 cs
559 1367 693 1404 Latini
730 1367 808 1404 iam
847 1366 895 1404 ab
934 1366 1048 1404 initio
1087 1365 1284 1404 scribendi
1313 1377 1343 1404 x
1378 1366 1632 1415 scripserant.
1693 1365 1770 1403 Hic

264 1449 366 1486 saepe
398 1436 543 1485 positio
576 1435 801 1485 negligitur.
848 1434 1023 1472 Primum
1054 1436 1095 1472 in
1125 1435 1405 1484 praepositione
1437 1445 1499 1482 ex,
1531 1447 1568 1472 v.
1584 1434 1675 1471 Aul.
1701 1435 1768 1472 21.

263 1504 386 1542 Mero.
424 1504 515 1541 174.
555 1503 677 1541 Stich.
711 1504 805 1540 714.
845 1503 933 1540 Ter.
966 1502 1068 1540 Eun.
1103 1504 1196 1540 573.
1235 1502 1376 1540 Heaut.
1411 1503 1504 1540 397.
1544 1502 1638 1540 Hec.
1673 1503 1768 1540 528.

263 1571 339 1609 Ad.
372 1572 437 1609 40.
480 1572 579 1618 988,
622 1574 661 1608 et
697 1571 738 1608 in
777 1572 1023 1620 compositis:
1069 1568 1313 1618 „exercitus“
1356 1570 1500 1620 Amph.
1537 1571 1629 1608 102.
1675 1570 1768 1607 125.

266 1641 361 1677 500.
412 1637 577 1686 „exilio“
620 1639 746 1676 Mero:
782 1640 875 1676 042.
926 1637 1185 1688 „exoptatus“
1226 1639 1314 1676 Mil.
1358 1640 1478 1676 1005.
1524 1637 1640 1675 Truc.
1674 1638 1768 1675 511.

269 1705 500 1757 „experior“
534 1707 679 1756 Amph.
707 1708 801 1744 031.
853 1705 1098 1757 ,‚extemplo“
1134 1707 1219 1744 Mil.
1249 1707 1369 1744 1227.
1401 1706 1509 1743 Poen.
1535 1706 1629 1743 730.
1680 1718 1769 1752 „ex-

264 1773 459 1813 turbasti“
495 1775 602 1812 Trin.
627 1777 719 1812 137.
766 1775 919 1813 Deinde
949 1786 1077 1814 senex
1107 1774 1247 1812 Bacch.
1273 1774 1392 1812 1132.
1424 1773 1527 1811 Rud.
1548 1775 1612 1811 35.
1645 1772 1769 1811 Stich.

267 1845 366 1891 5033
397 1853 503 1881 uxor
532 1844 621 1880 Aul.
656 1845 720 1881 32.
753 1843 838 1881 Cas.
872 1845 966 1882 207.
1001 1844 1094 1881 550.
1130 1844 1223 1880 911.
1256 1842 1358 1879 Rud.
1393 1843 1487 1879 895.
1519 1841 1640 1879 Mero.
1673 1842 1769 1879 240.

264 1911 351 1948 Ter.
370 1911 463 1949 Hec.
484 1912 577 1949 514.
608 1911 764 1948 Phorm.
785 1913 864 1948 770
892 1915 1039 1961 praeter
1062 1911 1232 1948 sedecim
1256 1911 1377 1956 locos,
1410 1910 1479 1947 ubi
1512 1908 1769 1947 antecedente

269 1978 418 2026 „mea“,
457 1977 588 2026 „tua“,
625 1978 742 2025 „sua“
779 1983 848 2016 aut
884 1977 977 2026 „ea“
1015 1980 1132 2016 etiam
1165 1978 1212 2014 de
1243 1979 1412 2026 synizesi
1439 1979 1606 2028 cogitari
1630 1978 1768 2027 possit.

264 2047 470 2084 Postremo
523 2048 563 2084 in
616 2046 761 2084 Graecis
818 2045 1093 2094 „Alexander“
1152 2046 1292 2083 Bacch.
1342 2046 1435 2083 940.
1501 2043 1765 2093 „Philoxene“

264 2114 360 2152 ibid.
397 2116 516 2153 1000.

381 2179 440 2220 PS
478 2182 775 2220 antecedentem
814 2182 1006 2231 syllabam
1047 2195 1127 2219 non
1158 2194 1317 2219 necesse
1350 2184 1410 2218 est
1440 2181 1656 2231 producat:
1687 2181 1769 2230 pri-

265 2264 370 2287 mum
408 2251 448 2287 in
485 2252 720 2300 pronomine
750 2248 854 2300 ipse,
886 2264 922 2287 v.
953 2250 1097 2300 Amph.
1131 2250 1225 2287 411.
1259 2249 1370 2299 Capt.
1404 2250 1505 2296 278,
1547 2249 1625 2286 alia
1663 2247 1770 2298 apud

265 2319 376 2356 Mun.
408 2333 446 2369 p.
481 2320 581 2365 300,
615 2319 682 2368 qui
714 2318 762 2356 ab
793 2318 1044 2356 antecedenti
1082 2317 1272 2355 vocabulo
1303 2317 1579 2365 monosyllabo
1611 2329 1769 2354 causam

266 2388 429 2435 repetit3
467 2384 647 2435 „eapse“,
685 2385 891 2436 „eumpse“
929 2389 1020 2423 cett.
1062 2383 1115 2433 (v.
1148 2385 1263 2423 Miill.
1295 2398 1334 2434 p.
1369 2382 1468 2432 237)
1509 2384 1679 2422 forsitan
1717 2383 1769 2421 ad

264 2455 459 2502 synizesin
490 2454 629 2491 referri
658 2456 822 2503 possint.
868 2454 976 2491 Idem
1007 2453 1053 2491 fit
1082 2455 1122 2492 in
1151 2454 1435 2505 praepositione
1466 2449 1539 2490 abs
1561 2451 1653 2490 Aul.
1671 2452 1766 2489 448.

264 2522 351 2558 Mil.
385 2523 478 2559 359.
513 2521 606 2559 908.
647 2521 789 2559 Pseud.
824 2523 925 2569 921,
965 2522 1208 2572 vocibusque
1238 2521 1331 2558 inde
1363 2521 1608 2570 compositis:
1657 2519 1768 2567 „abs-

266 2587 386 2626 cessi“
429 2589 544 2638 Epid.
580 2589 680 2636 234,
727 2589 978 2636 „abstulisti“
1021 2591 1111 2628 Aul.
1146 2591 1246 2637 635,
1293 2586 1510 2636 „absurde“
1555 2587 1666 2636 Capt.
1699 2588 1766 2624 71.

265 2656 364 2693 Item
395 2657 434 2692 in
470 2655 679 2703 „obsecro“
715 2657 834 2694 Most.
860 2659 955 2707 498.
986 2659 1072 2696 Mil.
1100 2659 1193 2704 543,
1226 2660 1266 2695 et
1301 2653 1501 2706 „opsono“
1533 2655 1674 2693 Bacch.
1700 2656 1765 2692 95.

265 2724 370 2760 Men.
405 2724 497 2760 310.

380 2787 429 2828 Ν
456 2804 612 2839 quoque
650 2796 838 2841 sequente
878 2793 955 2829 alia
994 2797 1230 2830 consonante
1267 2805 1345 2830 non
1382 2804 1538 2829 necesse
1584 2794 1645 2828 est
1690 2789 1767 2838 syl-

265 2858 395 2895 labam
427 2858 631 2907 producat.
678 2859 741 2896 Sic
775 2860 921 2906 tamen,
953 2860 1038 2897 Mil.
1067 2861 1158 2898 580.
1192 2860 1281 2897 Ter.
1306 2859 1408 2898 Eun.
1432 2860 1525 2897 889.
1557 2858 1650 2896 Hec.
1670 2858 1766 2895 874.
