1926 3275
246 321 326 359 388
900 313 1083 348 Asinaria.

245 461 266 484 a
298 445 473 483 cadendo
508 443 572 493 (cf.
599 443 683 481 Mil.
718 439 830 489 849),
864 443 974 492 quasi
1005 444 1168 479 nutante
1202 441 1346 490 capite3
1378 440 1446 478 sed
1475 440 1560 487 hoc,
1594 443 1626 478 si
1659 441 1735 478 dici

244 518 396 564 posset,
445 517 510 550 aut
555 511 777 549 semisomni
819 514 886 547 aut
928 509 1088 556 abiecti,
1128 522 1206 546 non
1243 509 1337 546 irati
1376 509 1496 545 animi
1535 513 1648 546 esset.
1680 529 1736 534 —-

246 583 339 620 401.
371 578 563 631 Quisque,
588 582 613 617 i.
633 592 663 616 e.
691 580 924 629 quicunque,
951 577 997 615 cf.
1023 591 1145 627 supra
1169 577 1217 614 ad
1236 590 1271 613 v.
1294 577 1384 614 198.
1431 573 1525 614 huic
1546 577 1622 613 iam
1647 579 1688 614 in
1704 577 1736 614 B

245 650 502 687 emendatum.
563 648 662 684 Item
693 661 729 684 v.
762 647 841 684 402
876 643 1039 684 animis.
1103 641 1140 683 Si
1171 641 1336 694 quidem
1369 647 1427 681 est
1458 646 1623 692 etiamsi,
1655 645 1734 683 vid.

245 731 363 768 supra
396 718 487 754 316.
529 736 583 740 —
623 711 865 753 Aeacidinis
912 712 984 762 (sic
1029 714 1131 750 enim
1179 713 1271 749 olim
1318 710 1602 760 emendatum),
1650 725 1736 763 quae

245 785 452 831 Aeaciden,
485 785 509 820 i.
537 798 567 821 e.
594 783 784 820 Achillem
821 780 884 830 (cf.
911 782 1022 820 Ovid.
1046 781 1139 818 Her.
1172 782 1205 827 1,
1235 778 1303 827 35)
1339 780 1488 827 decent,
1523 780 1568 818 cf.
1595 780 1734 818 Horat.

246 853 316 891 Od.
349 853 384 899 I,
420 854 462 899 6,
499 854 540 889 6:
585 851 772 898 „Pelidae
811 850 1056 887 stomachum
1089 849 1225 887 cedere
1256 846 1418 886 nescii“.
1451 868 1508 874 —-
1538 846 1735 898 expletus,

245 923 291 959 cf.
311 921 397 957 Ter.
415 920 537 957 Andr.
559 921 657 957 339:
696 919 896 968 „expleam
928 920 1099 956 animum
1123 914 1308 967 gaudio“.
1342 937 1397 941 --
1429 914 1586 955 incedit
1608 917 1735 970 cod-d„

244 989 313 1027 sed
342 992 511 1026 metrum
542 1001 621 1025 non
651 988 814 1037 patitur,
849 999 969 1036 quare
987 986 1209 1023 Gronovius
1235 983 1337 1023 cedit
1362 985 1572 1032 scribebat,
1601 985 1738 1023 eodem

245 1071 370 1095 sensu.
432 1056 494 1094 Sic
524 1055 686 1092 Plautus
717 1055 805 1092 Aul.
841 1056 938 1092 509:
976 1054 1159 1102 „cedunt‚
1192 1058 1334 1104 petunt
1363 1051 1572 1090 trecenti“.
1637 1055 1735 1091 517:

249 1125 323 1173 „ad
353 1129 595 1175 postremum
628 1124 731 1161 cedit
761 1123 892 1170 miles,
926 1136 989 1160 aes
1020 1120 1161 1172 petitf‘.
1215 1122 1299 1159 Cas.
1334 1123 1427 1159 423.
1460 1121 1601 1159 Pseud.
1636 1122 1734 1160 308:

249 1194 406 1242 „Inauis
438 1189 582 1229 cedis“.
645 1192 745 1229 960:
782 1194 1076 1237 „transuorsus,
1108 1204 1186 1228 non
1217 1203 1434 1240 prouorsus
1467 1189 1589 1237 cedit,
1624 1190 1738 1240 quasi

245 1275 383 1299 cancer
428 1257 567 1298 solet“.
629 1260 769 1297 Horat.
803 1258 883 1296 Sat.
915 1259 972 1306 Π,
1021 1260 1060 1306 1,
1104 1259 1167 1295 65.
1229 1257 1401 1295 Librarii
1447 1271 1494 1295 ex
1539 1258 1737 1295 communi

246 1329 400 1366 dicendi
431 1341 537 1365 more
568 1341 646 1365 non
677 1340 767 1364 raro
799 1328 1122 1377 praepositionem
1162 1325 1416 1372 addiderunt,
1449 1330 1493 1362 ut
1522 1326 1560 1363 h.
1594 1325 1618 1363 l.
1650 1325 1735 1362 Mil.

247 1399 338 1435 893.
385 1396 506 1434 Mero.
541 1398 632 1433 591.
679 1396 785 1433 Poen.
821 1397 911 1433 580.
947 1416 999 1420 —
1031 1396 1125 1432 403.
1157 1391 1251 1431 med
1285 1407 1370 1431 cum
1401 1393 1546 1431 Bothio
1585 1394 1735 1443 scripsi,

246 1465 292 1502 cf.
327 1467 419 1502 297.
480 1464 539 1502 Fl.
575 1464 667 1512 „Set
698 1466 731 1501 si
762 1462 861 1511 ine‘²‚
894 1477 1033 1513 parum
1064 1467 1182 1500 recte.

360 1534 453 1571 404.
498 1533 670 1570 Advenit
717 1532 915 1570 Leonidas
962 1531 1118 1569 Saureae
1162 1543 1373 1580 personam
1419 1543 1548 1580 agens.
1588 1551 1644 1555 —
1682 1527 1741 1568 sit

246 1601 359 1639 codd.
412 1615 482 1639 nec
533 1602 794 1651 grammaticae
846 1614 915 1637 nec
967 1600 1085 1636 metri
1128 1599 1283 1635 ratione
1328 1597 1584 1645 concedente3
1631 1602 1737 1635 recte

247 1669 350 1707 Cam.
398 1669 480 1717 es&
528 1683 598 1706 nec
644 1683 734 1707 raro
780 1670 819 1706 in
867 1668 979 1706 codd.
1028 1665 1084 1705 sit
1128 1668 1322 1716 scriptum
1368 1669 1426 1703 est
1470 1679 1542 1716 pro
1589 1666 1629 1704 εἴ
1671 1670 1739 1703 aut

248 1738 321 1785 e.s·†,
355 1738 399 1775 cf.
433 1738 536 1774 infra
568 1739 660 1774 432.
694 1737 804 1775 Curc.
834 1738 924 1774 531.
958 1736 1064 1773 Men.
1092 1736 1185 1772 889.
1218 1755 1273 1759 —-
1304 1735 1397 1772 405.
1440 1730 1492 1773 Ut
1520 1734 1738 1784 temporale

247 1805 336 1842 huic
366 1806 450 1842 loco
482 1819 621 1854 parum
654 1806 854 1852 convenit,
887 1818 1007 1854 quare
1032 1804 1190 1841 Gertzio
1219 1806 1377 1840 auctore
1408 1803 1641 1852 particulam
1673 1802 1737 1839 de-

247 1874 343 1920 levi,
384 1886 468 1923 quae
509 1887 554 1910 ex
594 1874 708 1910 initio
747 1874 918 1922 proximi
958 1872 1139 1909 vocabuli
1181 1872 1275 1909 oriri
1314 1872 1459 1920 potuit.
1492 1891 1548 1895 ——
1584 1867 1737 1918 nullus,

247 1941 326 1978 vid.
358 1941 489 1978 Madv.
516 1940 582 1978 Gr.
611 1942 689 1977 455
723 1945 804 1978 not.
842 1944 874 1978 5.
908 1940 1035 1977 Plaut.
1062 1939 1200 1976 Bacch.
1229 1941 1298 1977 88:
1338 1939 1493 1986 {nullus
1525 1935 1737 1976 adfueris“.

248 2008 348 2045 Rud.
386 2010 481 2045 143:
518 2009 619 2056 „ille,
654 2010 719 2058 qui
751 2009 921 2054 uocauit,
955 2008 1085 2044 nullus
1116 2005 1265 2044 uenit“.
1308 2008 1354 2044 cf.
1388 2007 1480 2043 ibid.
1516 2008 1608 2044 323.
1647 2006 1735 2043 Ter.

247 2075 347 2113 Eun.
382 2077 474 2112 216.
506 2097 560 2101 ——
592 2078 685 2114 407.
719 2073 848 2114 hodie.
911 2076 994 2113 Hoc
1035 2089 1139 2121 voc,
1181 2075 1285 2124 quod
1317 2074 1428 2112 codd.
1463 2088 1548 2112 cum
1582 2078 1738 2111 antece-

249 2144 434 2181 dentibus
464 2145 641 2194 iungunt,
674 2144 732 2182 Fl.
769 2145 817 2181 ad
848 2146 1051 2194 sequentia
1082 2145 1214 2180 traxit.
1262 2143 1348 2180 Non
1379 2142 1517 2192 probo.
1565 2141 1737 2179 Libanus

249 2212 318 2248 hoc
358 2213 443 2262 ipso
483 2213 544 2249 die
583 2213 657 2250 sibi
697 2213 843 2250 malum
883 2213 1070 2262 opinatur
1109 2211 1204 2248 fore.
1266 2210 1461 2248 Leonidas
1507 2211 1737 2260 interrogat,

249 2293 340 2316 num
371 2280 473 2317 forte
505 2280 715 2328 Libanum,
751 2281 816 2330 qui
848 2280 922 2317 sibi
953 2283 1032 2316 tam
1064 2279 1164 2316 male
1195 2283 1353 2329 pareat,
1385 2279 1656 2316 manumiserit
1686 2283 1737 2325 et,

248 2352 289 2384 111
323 2349 361 2384 in
393 2349 763 2386 manumissionibus
802 2362 883 2385 mos
921 2352 1026 2394 erat,
1067 2347 1251 2384 libertum
1290 2347 1441 2384 salvere
1479 2347 1651 2384 iusserit.
1687 2365 1736 2371 -·

251 2417 342 2453 408.
375 2417 544 2454 'manum‘
572 2417 651 2463 Fl.‚
693 2431 770 2453 non
811 2430 920 2466 opus.
982 2416 1120 2452 Hiatus
1160 2416 1199 2451 in
1239 2415 1395 2452 diaeresi
1433 2415 1629 2462 legitimus
1666 2418 1736 2451 est.

248 2483 442 2520 Leonidas
474 2498 558 2521 eum
592 2484 758 2521 secunda
790 2498 957 2534 persona
990 2484 1213 2533 alloquitur.
1269 2483 1445 2520 Libanus
1480 2486 1608 2519 autem
1641 2483 1739 2519 iram

251 2551 330 2587 eius
371 2551 612 2601 deprecatur.
674 2552 809 2589 Lamb.
852 2552 999 2589 confert
1033 2552 1119 2588 Ter.
1151 2551 1250 2588 Eun.
1286 2552 1384 2588 669:
1437 2551 1597 2601 „prodi,
1637 2550 1739 2588 male

252 2618 468 2654 conciliate.
515 2619 560 2656 D.
595 2618 801 2656 Obsecro“.
839 2641 886 2644 -—
923 2621 1015 2658 409.
1047 2616 1150 2656 milli
1180 2619 1435 2668 dissyllabum
1469 2622 1537 2655 est.
1588 2617 1648 2656 Fl.
1681 2615 1740 2655 mi

251 2685 455 2732 scrib->stum
484 2687 616 2723 addito
643 2687 790 2723 11111011.
818 2702 852 2723 V.
884 2686 1017 2735 „‘[U(‘*“.
1052 2708 1105 2711 —
1137 2689 1229 2725 413.
1265 2683 1392 2734 Perii,
1424 2683 1572 2734 JlOSPOS
1603 2686 1737 2732 codd.;

251 2753 363 2789 th.
399 2753 455 2789 Fl.
494 2754 680 2804 „llmrxpcffi
713 2752 854 2804 perii“.
892 2754 953 2802 (cf.
975 2756 1124 2804 Proleg.
1150 2768 1188 2804 p.
1218 2752 1326 2801 185).
1374 2754 1570 2791 Leonidas
1598 2753 1737 2791 baculo

253 2824 316 2857 ·÷ut
351 2821 440 2857 furi
476 2820 524 2868 (v.
562 2820 656 2869 11:31)
694 2837 779 2859 111111
813 2822 1045 2858 verberavit.
1107 2823 1200 2859 Mox
1241 2824 1351 2872 quasi
1390 2822 1460 2859 hoc
1498 2835 1637 2871 parum
1676 2823 1736 2868 sit,

252 2886 302 2935 (v.
340 2886 436 2935 413)
479 2886 689 2926 *flandum
731 2889 803 2926 sibi
845 2894 973 2940 optut,
1009 2904 1095 2927 nain
1127 2891 1200 2927 hoc
1233 2903 1387 2940 quoque
1419 2889 1615 2927 interdum
1654 2889 1738 2926 heri
