1926 3275
299 294 381 333 204
908 287 1187 332 Prolegomena.

414 418 475 455 Ex
504 416 665 454 vocibus
704 418 745 454 in
785 412 798 454 Z
835 416 1106 454 desinentibus
1143 414 1272 455 Simul
1311 418 1693 456 commemorandum
1730 423 1823 467 est,-

300 487 408 524 cuius
438 486 579 523 ultima
604 484 758 533 syllaba
782 484 844 522 vel
869 488 958 521 ante
984 489 1264 522 consonantem
1287 485 1418 523 brevis
1441 489 1575 523 manet
1597 487 1687 524 Aul.
1708 488 1802 525 615.

298 555 385 593 Mil.
421 555 540 591 1137.
572 553 661 590 Ter.
692 552 793 589 Eun.
827 553 920 590 241.
952 552 1095 590 Heaut.
1130 554 1209 591 803
1243 554 1313 601 al.,
1353 567 1444 591 nam
1481 558 1527 591 ut
1567 548 1680 592 s’mul
1710 569 1804 605 pro-

299 623 523 660 nuntiatum
554 634 638 658 esse
670 620 838 667 credam,
872 633 951 657 non
982 620 1170 659 adducor.
1216 621 1261 659 In
1297 620 1443 669 „nihil“
1479 619 1541 659 res
1572 636 1651 659 non
1683 623 1804 660 anim-

301 690 543 736 advertitur,
584 689 771 738 quoniam
809 701 965 737 semper
1002 702 1075 738 pro
1112 689 1385 739 monosyllabo
1419 687 1510 737 (nil)
1542 703 1624 727 esse
1654 694 1805 740 potest.

414 753 456 795 R
487 755 604 793 finale
637 770 723 793 cum
748 757 930 806 sequenti
962 760 1202 794 consonante
1233 758 1472 807 positionem
1502 771 1581 795 non
1612 758 1707 795 facit
1737 772 1805 796 ne-

300 827 488 872 cessario,
528 838 564 862 v.
603 823 762 874 „pam-‘³
798 823 937 861 Bacch.
975 825 1095 862 1097.
1136 824 1256 863 Most.
1291 827 1384 863 378.
1431 825 1540 864 Trin.
1574 827 1667 863 316.
1713 827 1803 864 Ter.

301 893 458 931 Phorm.
493 892 586 930 601.
653 890 814 939 „soror“
850 892 957 929 Poen.
992 892 1086 930 294.
1129 892 1250 931 Stich.
1284 895 1350 931 23.
1384 895 1449 932 25.
1483 895 1548 932 72.
1581 894 1670 932 Ter.
1701 893 1803 932 Eun.

305 963 397 999 157.
448 958 627 1008 „moror“
664 960 803 997 Bacch.
840 960 960 997 1181.
1022 959 1178 1007 ,‚amor“
1214 962 1302 998 Ter.
1334 961 1458 999 Andr.
1492 963 1586 1000 261.
1644 961 1800 1009 „0010r“

298 1029 400 1067 Eun.
435 1030 530 1066 318.
569 1048 626 1053 —-—
663 1028 721 1065 Ne
760 1029 801 1064 in
839 1027 970 1065 medio
1017 1029 1177 1078 quidem
1221 1029 1434 1076 vocabulo,
1474 1029 1553 1067 vid.
1593 1040 1689 1080 erqo
1719 1030 1806 1068 Mil.

304 1099 425 1135 1002.
477 1096 599 1133 Merc.
641 1097 735 1133 960.
790 1095 932 1133 Pseud.
976 1097 1096 1135 1311.
1142 1097 1250 1135 Poen.
1292 1098 1386 1135 884.
1421 1098 1515 1135 896.
1560 1097 1668 1135 Pers.
1711 1098 1804 1136 186.

299 1164 420 1203 Stich.
454 1165 549 1201 723.
581 1163 690 1200 Trin.
725 1164 818 1201 926.
850 1164 941 1202 Ter.
973 1164 1117 1202 Heaut.
1152 1166 1246 1203 993.
1292 1165 1511 1215 amentum
1542 1165 1654 1216 Capt.
1684 1167 1805 1204 1024.

300 1232 413 1270 Curc.
448 1233 541 1269 612.
572 1231 715 1268 Pseud.
750 1232 843 1269 378.
882 1233 1001 1270 1314.
1034 1233 1124 1271 Ter.
1155 1233 1313 1271 Phorm.
1344 1235 1437 1271 557.
1469 1233 1544 1271 Ad.
1573 1235 1668 1272 202.
1720 1233 1809 1281 „ar-'

300 1298 432 1338 cesso“
462 1312 547 1349 quae
573 1299 752 1349 exempla
775 1299 928 1349 praebet
955 1298 1009 1348 (V.
1027 1301 1173 1338 Mulier
1188 1315 1226 1351 p.
1247 1299 1360 1349 291),
1388 1302 1519 1338 omnia
1535 1314 1608 1351 per
1624 1302 1806 1351 episyna-

299 1368 457 1418 loephen
483 1367 674 1417 explicari
697 1371 877 1417 possunt.
894 1388 952 1394 —
973 1368 1106 1406 Etiam
1129 1365 1264 1408 hercle
1286 1371 1455 1420 primam
1478 1370 1677 1420 corripere
1699 1370 1806 1407 vide-

299 1440 378 1483 tur,
403 1436 482 1473 vid.
509 1436 651 1485 Amph.
671 1437 764 1473 729.
795 1436 904 1474 Asin.
923 1438 1018 1474 402.
1053 1438 1148 1475 411.
1183 1439 1262 1475 810
1288 1438 1337 1475 al.
1365 1452 1427 1488 ap.
1445 1437 1560 1474 Mull.
1585 1451 1624 1487 p.
1645 1438 1724 1475 317
1746 1451 1804 1487 sq.

300 1503 470 1554 Negavit
494 1503 666 1554 Spengel
696 1518 735 1554 p.
765 1505 816 1542 70
850 1518 922 1554 sq„
955 1505 1024 1542 sed
1055 1506 1113 1542 ita
1142 1510 1188 1543 ut
1220 1505 1457 1543 antecedens
1492 1504 1701 1557 „quidem“
1738 1510 1808 1544 aut

305 1570 428 1618 „tibi“
479 1585 651 1622 syncope
697 1575 738 1609 et
784 1573 947 1610 elisione
992 1587 1157 1624 prorsus
1198 1575 1401 1611 evanuisse
1442 1578 1657 1622 statueret,
1700 1573 1807 1624 quod

302 1640 410 1677 credi
447 1653 527 1677 non
565 1644 711 1690 potest.
744 1661 797 1665 -—
835 1641 939 1678 Ante
969 1652 1017 1679 πε
1065 1640 1277 1689 „ornatus“
1312 1642 1402 1680 Aul.
1436 1644 1531 1680 711.
1570 1642 1677 1680 Men.
1711 1643 1804 1681 804.

300 1707 408 1745 Trin.
450 1709 543 1746 840.
585 1710 679 1746 852.
745 1707 1065 1755 „tabernaclum“
1105 1709 1249 1760 Amph.
1291 1711 1385 1748 422.
1426 1709 1522 1748 424.
1587 1710 1806 1760 „guberna-

298 1774 422 1812 bunt“
457 1776 542 1813 Mil.
578 1777 698 1823 1084,
732 1777 779 1814 cf.
811 1777 932 1815 Titin.
968 1777 1060 1815 128.

412 1843 615 1881 Mutarum
661 1858 818 1895 quoque
864 1847 1168 1883 consonantium
1220 1859 1300 1883 non
1346 1846 1538 1883 absimilis
1582 1845 1685 1883 ratio
1731 1849 1803 1884 est.

298 1910 402 1948 Ante
433 1908 478 1948 B
508 1913 655 1962 positio
694 1913 912 1962 negligitur
948 1914 989 1950 in
1027 1913 1312 1963 praepositione
1351 1911 1418 1961 ab,
1458 1918 1504 1951 ut
1547 1914 1619 1961 „ab
1660 1911 1801 1951 domo“

299 1978 389 2016 Aul.
427 1981 517 2026 105,
556 1980 628 2026 „ab
661 1979 768 2018 sese“
803 1980 946 2018 Bacch.
983 1982 1053 2028 11,
1092 1981 1164 2028 „ab
1197 1980 1347 2018 sodali“
1382 1981 1436 2019 ib.
1473 1982 1564 2019 185.
1619 1981 1822 2018 Formam·

298 2043 371 2084 abs
401 2050 439 2084 et
471 2049 690 2098 composita
727 2048 889 2085 eandem
927 2048 1093 2086 formam
1132 2049 1342 2086 reddentia
1371 2063 1493 2099 supra
1525 2063 1804 2087 commemora-

297 2114 435 2151 vimus.
501 2114 710 2162 „Abduce“
754 2117 884 2166 prima
913 2116 1027 2153 brevi
1058 2120 1170 2154 extat
1198 2117 1322 2155 Stich.
1356 2118 1451 2154 418.
1484 2118 1579 2155 438.
1646 2115 1799 2164 „obdo“

297 2180 383 2218 Cas.
418 2183 510 2220 818.
572 2183 723 2233 Saepius
768 2184 843 2221 hoc
887 2183 933 2221 fit
977 2185 1018 2221 in
1054 2185 1128 2233 pt,
1175 2189 1221 2222 ut
1270 2183 1504 2235 „optumus“
1547 2185 1667 2223 Most.
1706 2186 1801 2223 410.

295 2248 417 2286 Mero.
452 2251 545 2288 324.
591 2251 699 2288 Pers.
735 2252 828 2289 542.
894 2251 1126 2302 „voluptas“
1162 2252 1306 2303 Amph.
1341 2254 1419 2290 933
1460 2253 1674 2303 multisque
1714 2253 1802 2290 aliis

296 2316 405 2364 locis,
438 2330 474 2354 v.
507 2318 655 2355 Muller
685 2332 724 2368 p.
759 2320 836 2356 261
872 2333 930 2369 sq.

417 2380 453 2423 C
487 2390 662 2423 extrema
701 2390 761 2423 est
799 2388 1046 2437 pronominis
1093 2388 1394 2425 demonstrativi
1440 2392 1480 2425 et
1525 2387 1803 2425 adverbiorum

295 2451 385 2488 inde
417 2452 705 2490 derivatorum:
741 2451 826 2502 laic,
859 2452 964 2502 laceo,
998 2453 1090 2503 hoc,
1122 2453 1249 2503 lamec,
1282 2453 1406 2503 lame,
1438 2452 1546 2501 huic,
1579 2452 1666 2504 levae,
1699 2453 1800 2504 heic,

295 2514 392 2564 hnc,
426 2516 533 2557 hinc.
595 2521 745 2558 Harum
784 2523 998 2560 formarum
1035 2525 1303 2562 nominativus
1341 2524 1549 2561 masculini
1589 2524 1802 2574 ancipitem

294 2599 516 2624 mensuram
547 2588 691 2635 habet,
733 2593 872 2627 ceterae
911 2591 973 2628 vel
1011 2594 1155 2629 natura
1191 2593 1255 2630 vel
1291 2593 1489 2642 positione
1527 2592 1655 2640 longae
1696 2595 1799 2639 sunt,

295 2653 363 2689 scd
396 2654 502 2702 apud
532 2654 717 2692 Plautum
750 2659 898 2708 corripi
928 2663 1116 2708 possunt,
1150 2660 1289 2697 saltem
1320 2660 1577 2697 antecedente
1607 2660 1800 2697 vocabulo

294 2721 566 2768 monosyllabo
592 2722 715 2760 brevi.
750 2724 941 2775 Exempla
966 2727 1127 2775 collegit
1143 2728 1290 2765 Miiller
1312 2742 1351 2778 p.
1372 2729 1451 2765 319
1479 2742 1564 2778 sqq.
1599 2729 1676 2765 391
1699 2741 1798 2778 sqq„

295 2788 367 2836 qui
403 2787 451 2824 de
484 2789 644 2837 syllabis
675 2796 819 2829 natura
850 2794 977 2842 longis
1008 2799 1155 2843 praeter
1185 2792 1252 2834 hic
1282 2800 1320 2833 et
1350 2793 1425 2834 Ῐιαθ
1455 2796 1610 2833 dubitat
1647 2809 1718 2833 nec
1752 2795 1801 2832 ab
