1926 3275
300 272 319 310 1
326 272 379 310 42
908 265 1188 311 prolegomena.

295 397 461 434 Plautus
493 400 552 434 est
583 393 753 433 dictus“.
814 396 944 446 Ipsius
974 394 1084 432 Festi
1114 395 1222 432 locus
1254 395 1296 431 in
1328 394 1412 432 cod.
1445 394 1690 432 Farnesiano
1732 395 1799 432 ad-

295 465 454 502 modum
498 465 604 502 lacer
648 467 726 501 est:
779 493 897 510 „....
937 463 1079 502 Umbri
1116 462 1285 513 pedibus
1313 463 1453 512 rplanis
1486 492 1721 500 .........
1754 475 1800 500 us

294 536 426 583 poeta,
461 533 553 582 quia
577 531 724 570 Umber
748 531 926 568 Sarsinas
958 534 1054 578 erat,
1088 544 1110 567 a
1140 530 1285 581 pedum
1315 531 1484 580 planitie
1514 531 1631 568 initio
1647 530 1797 577 Plotus,

293 604 432 651 postea
454 600 617 637 Plautus
641 602 790 649 coeptus
816 602 876 636 est
899 596 1017 636 dici“.
1057 598 1163 635 Illud
1185 598 1363 647 legimus,
1397 598 1504 648 quod
1535 599 1636 635 male
1666 598 1801 635 omisit

295 669 548 718 epitomator,
580 667 818 718 Umbrorum
849 667 970 704 fuisse
1002 666 1106 703 hunc
1136 679 1249 703 usum
1279 666 1391 703 verbi
1422 665 1530 715 quod
1561 669 1620 702 est
1643 666 1798 716 plotus3

294 749 437 774 nomen
467 738 594 785 poetae
625 736 766 785 periit,
798 737 843 771 ut
873 734 964 771 inde
1006 747 1119 771 error
1155 735 1338 784 epitomae
1377 734 1523 784 corrigi
1551 747 1630 781 non
1660 734 1798 784 possit.

294 804 370 841 Sed
402 817 575 840 errorem
605 804 734 840 inesse
765 803 1019 840 manifestum
1051 805 1122 849 est,
1149 815 1238 838 nam
1261 801 1403 838 Accius
1428 814 1508 838 non
1532 804 1592 839 est
1613 801 1797 848 Plautus3

293 872 363 909 ubi
393 874 527 908 autem
550 871 661 908 Accii
690 884 835 908 nomen
867 870 1101 919 simpliciter
1132 869 1289 916 dicitur,
1322 883 1436 908 nemo
1467 883 1546 908 non
1569 869 1616 907 L.
1637 869 1801 907 Accium

294 939 591 977 celeberrimum
629 938 911 987 tragoediarum
949 939 1182 987 scriptorem
1220 938 1430 987 intelligit3
1470 951 1541 975 nec
1571 938 1604 974 si
1635 937 1799 974 Plautus

294 1007 430 1043 eodem
460 1007 617 1044 nomine
648 1006 798 1052 fuisset,
830 1004 917 1042 fieri
946 1007 1091 1056 potuit,
1126 1006 1222 1055 quin
1251 1007 1499 1054 grammatici
1523 1007 1678 1055 antiqui
1700 1006 1801 1043 hanc

292 1088 374 1111 rem
406 1074 776 1111 animadvertissent
806 1087 850 1111 ac
882 1073 1030 1110 diserte
1061 1073 1326 1120 monuissent,
1359 1087 1407 1110 ne
1439 1074 1698 1111 communitas
1729 1087 1799 1111 no-

293 1143 408 1179 minis
439 1141 646 1178 turbarum
678 1155 796 1178 causa
826 1144 866 1178 et
897 1142 1052 1178 occasio
1085 1143 1200 1178 esset.
1260 1141 1510 1178 Emendandi
1546 1143 1651 1178 viam
1690 1155 1799 1178 mon-

293 1210 448 1247 strabat
487 1209 658 1256 Plinius,
707 1211 775 1259 qui
821 1210 862 1246 in
906 1210 1034 1259 primo
1079 1209 1284 1246 Naturalis
1329 1209 1503 1246 historiae
1549 1209 1651 1246 libro
1695 1210 1800 1246 inter

294 1280 474 1314 auctores
518 1277 711 1314 librorum
750 1277 861 1323 XIV,
901 1277 992 1324 XV,
1034 1276 1168 1313 XVIII
1213 1276 1431 1322 „Maecium
1471 1274 1681 1314 Plautum“
1730 1290 1799 1314 no-

292 1346 437 1391 minat,
484 1344 553 1381 sed
597 1358 677 1381 non
720 1344 1000 1393 intelligebant
1039 1344 1116 1381 viri
1155 1344 1280 1391 docti,
1322 1347 1382 1391 et,
1422 1345 1485 1382 vel
1524 1346 1618 1395 quia
1654 1357 1799 1382 nomen

292 1413 422 1449 minus
454 1415 593 1449 notum
624 1411 860 1458 offendebat,
892 1412 956 1449 vel
981 1413 1075 1461 quia
1098 1412 1270 1460 epitome
1292 1411 1403 1449 Festi
1428 1413 1627 1450 mentibus
1658 1413 1799 1450 obver-

293 1479 476 1526 sabatur,
523 1494 603 1517 non
642 1479 859 1526 Maecium,
908 1479 976 1516 sed
1013 1478 1068 1516 M.
1108 1479 1272 1516 Accium
1316 1479 1527 1529 legendum
1572 1481 1796 1518 censebant.

293 1547 428 1593 Qualis
474 1547 616 1584 divisio
662 1561 781 1597 quum
820 1561 892 1597 per
930 1561 970 1584 se
1007 1560 1086 1584 non
1122 1547 1400 1597 improbabilis
1439 1549 1508 1595 sit,
1546 1551 1678 1586 tamen
1714 1549 1799 1585 iurc

293 1615 611 1652 animadversum
643 1619 711 1662 est,
745 1615 918 1652 Plinium
949 1615 1102 1652 nullum
1126 1619 1319 1664 praeterea
1350 1619 1550 1653 auctorem
1577 1616 1704 1653 tribus
1729 1629 1798 1653 no-

292 1683 462 1720 minibus
488 1683 722 1733 appellasse,
749 1683 817 1720 sed
842 1697 987 1733 paucos
1012 1697 1090 1720 uno
1114 1683 1281 1730 nomine,
1307 1684 1520 1733 plerosque
1545 1683 1708 1731 duobus,
1727 1697 1798 1721 nec

293 1751 334 1787 in
366 1751 568 1788 codicibus
598 1751 723 1787 ullum
753 1751 845 1788 talis
871 1751 1076 1789 divisionis
1102 1752 1313 1800 vestigium
1338 1751 1605 1789 Detlefsenius
1631 1752 1796 1789 invenit.

406 1819 461 1855 At
481 1822 617 1856 nostra
642 1821 770 1855 aetate
794 1831 939 1856 novum
963 1820 1174 1857 accessisse
1197 1820 1466 1856 testimonium
1490 1819 1647 1866 dicitur,
1671 1818 1797 1856 Fron-

291 1887 417 1933 tonis,
451 1886 557 1936 apud
588 1900 703 1936 quem
734 1887 775 1923 in
804 1886 989 1936 Epistula
1020 1886 1069 1923 ad
1100 1886 1155 1923 M.
1187 1887 1430 1923 Antoninum
1467 1887 1514 1923 de
1547 1887 1797 1925 orationibus

297 1952 352 2004 (p.
390 1955 465 1992 131
500 1954 691 2000 Niebuhr,
729 1955 806 1991 162
838 1951 986 2001 Naber)
1020 1954 1103 1991 haec
1131 1954 1262 1991 Maius
1293 1955 1412 2003 legit:
1449 1984 1482 2001 „.
1503 1983 1511 1991 .
1531 1984 1538 1992 .
1572 1954 1647 1992 hoc
1675 1967 1797 2004 genus

292 2021 505 2059 uerborum
541 2022 682 2058 Accius
719 2021 885 2058 Plautus
924 2034 1040 2058 sanus
1074 2051 1082 2058 .
1103 2051 1110 2058 .
1132 2051 1139 2058 .
1160 2020 1193 2058 .“

1258 2022 1336 2068 Ibi,
1377 2023 1506 2069 aiunt,
1548 2023 1632 2059 sine
1674 2021 1796 2060 dubio

293 2092 403 2126 extat
440 2089 482 2125 id
520 2102 679 2135 nomen,
727 2088 775 2125 de
817 2102 895 2138 quo
938 2088 1166 2136 ambigitur.
1227 2089 1466 2127 Ritschelius
1514 2090 1674 2140 quidem
1718 2103 1798 2128 non

291 2157 437 2193 iniuria
468 2156 747 2193 animadvertit
785 2156 898 2193 facile
934 2156 1020 2193 fieri
1058 2157 1253 2206 potuisse,
1286 2160 1333 2194 ut
1362 2158 1499 2194 littera
1528 2156 1657 2194 finalis
1688 2158 1796 2196 vocis

293 2238 330 2274 q.
364 2237 395 2261 e.
436 2223 650 2261 verborum
694 2224 891 2260 initialem
930 2225 1102 2261 nominis
1139 2224 1283 2262 Maccii
1322 2225 1520 2272 hauriret3
1561 2239 1652 2262 nam
1690 2225 1797 2275 quod

293 2291 518 2341 Geppertus
550 2291 699 2338 obiicit,
732 2292 938 2329 terminari
968 2305 1126 2329 versum
1148 2293 1189 2329 in
1211 2306 1294 2330 voc.
1333 2291 1608 2339 „verborum“,
1640 2292 1683 2330 id
1711 2296 1796 2330 tum

294 2359 448 2396 demum
478 2359 649 2406 valeret,
685 2360 718 2396 si
748 2361 871 2409 ipsius
902 2359 1120 2397 Frontonis
1159 2374 1277 2397 manu
1316 2361 1440 2398 codex
1479 2361 1649 2410 scriptus
1679 2363 1793 2398 esset.

294 2427 371 2464 Sed
403 2430 493 2463 ante
524 2428 655 2464 omnia
684 2427 909 2473 tenendum,
943 2440 991 2464 ex
1020 2428 1206 2465 lacunoso
1236 2429 1342 2475 loco,
1377 2430 1486 2465 cuius
1517 2431 1690 2465 extrema
1718 2441 1796 2465 vox

292 2504 422 2531 sanus·
453 2497 639 2544 corrupta
670 2496 733 2541 sit,
767 2494 922 2532 definiri
953 2508 1030 2532 non
1060 2509 1188 2545 posse,
1221 2500 1354 2533 utrum
1387 2495 1433 2532 de
1464 2508 1543 2533 uno
1571 2495 1714 2533 Plauto
1745 2509 1795 2533 an

294 2561 341 2598 de
372 2562 491 2599 Accio
524 2565 563 2598 et
592 2562 735 2599 Plauto
768 2575 895 2600 sermo
935 2563 1073 2610 fuerit,
1113 2565 1335 2613 praesertim
1373 2577 1494 2612 quum
1531 2563 1641 2600 nulla
1679 2576 1796 2601 causa

295 2630 461 2676 cogitari
492 2631 630 2679 possit,
665 2643 743 2676 0111,
778 2631 845 2679 qui
875 2631 916 2667 in
946 2630 1022 2668 hoc
1052 2631 1241 2681 opusculo
1273 2645 1426 2681 semper
1453 2630 1684 2668 Sallustium
1713 2644 1793 2668 uno

293 2696 451 2732 nomine
483 2697 669 2746 appellet,
701 2697 886 2735 Plautum
917 2697 1066 2747 duplici
1097 2699 1375 2748 appellaverit.

407 2763 539 2799 Nihilo
570 2764 659 2813 plus
692 2764 862 2801 efficitur
893 2778 940 2801 ex
972 2766 1156 2813 ambiguo
1188 2766 1379 2803 Varronis
1410 2766 1495 2804 loco
1526 2766 1571 2803 L.
1605 2765 1651 2803 L.
1686 2765 1791 2812 VIII,

297 2831 369 2868 30:
408 2830 630 2876 „Dissimile
661 2831 825 2869 Plautus
858 2835 898 2870 et
928 2832 1107 2870 Plautius
1139 2836 1178 2870 et
1208 2847 1411 2871 commune
1441 2837 1486 2872 ut
1516 2833 1631 2871 huius
1660 2833 1793 2871 Plauti
