1926 3275
742 285 1022 330 Prolegomena.
1551 286 1632 324 209

134 417 265 466 βραδύς
296 420 354 453 est
384 417 650 453 Romanorum
681 415 840 461 bardus,
874 417 980 464 κρίνω
1013 427 1140 460 cerno,
1175 414 1335 461 κράνειαν
1367 425 1520 457 cornus,
1554 426 1633 460 κρο-

135 485 290 526 κόδειλος
321 484 561 530 corcodilus,
594 497 630 521 v.
656 484 810 521 Phaedr.
839 483 875 529 I,
904 484 974 528 27,
1002 484 1025 518 4
1059 487 1099 519 et
1131 483 1166 518 6.
1199 480 1375 517 Martial.
1406 479 1475 526 III,
1504 481 1568 526 93,
1596 481 1632 516 7.

135 552 213 589 Sed
249 566 297 589 ne
335 552 480 601 ubique
515 551 621 601 apud
652 552 836 588 Plautum
864 551 1078 600 tarpessita
1109 549 1317 595 scribatur,
1352 547 1486 585 obstat
1516 547 1633 597 Epid.

138 621 236 667 144;
269 621 315 658 cf.
348 634 468 670 supra
497 634 536 670 p.
570 621 663 657 202.

250 689 448 738 Correptae
476 689 601 736 longae
635 688 814 737 exempla
843 688 1014 736 primum
1043 687 1301 723 inveniuntur
1333 685 1439 734 apud
1471 680 1484 721 Ζ
1515 685 1634 732 gemi-

134 760 292 803 natum,
347 760 391 793 ut
440 754 667 803 ,‚C-allicles“
726 756 840 792 Truc.
890 757 967 792 813
1022 756 1152 804 prima
1203 754 1313 790 brevi
1369 767 1412 790 ac
1466 752 1635 789 fortasse

139 823 376 872 „Achilles“,
409 838 445 861 V.
473 824 620 861 Muller
649 837 686 873 p.
714 825 807 860 231.
863 823 1014 860 Deinde
1046 826 1090 859 ut
1121 822 1226 872 apud
1260 821 1417 858 Graecos
1450 835 1525 862 αιος
1556 833 1635 856 non

134 906 349 941 numquam
388 892 677 942 diphthongum
717 892 881 941 corripit
925 889 977 938 (v.
1011 891 1162 937 Christ,
1194 890 1344 927 Metrik
1373 902 1411 938 p.
1445 886 1536 935 20),
1579 888 1636 924 ita

135 960 241 1009 apud
271 960 457 997 Plautum
494 973 567 1010 pro
608 971 694 998 oeus
731 959 932 996 interdum
969 958 1013 995 fit
1053 969 1143 1005 6213,
1182 972 1218 995 v.
1251 958 1360 994 Asin.
1395 958 1472 994 331
1513 969 1634 1002 „mer-

136 1030 257 1066 catori
288 1026 464 1066 Pelleo“.
506 1028 590 1065 Mil.
619 1029 699 1065 438
733 1031 771 1064 et
803 1028 882 1065 808
921 1024 1102 1073 „Dicea‘⁴.
1144 1026 1255 1076 Capt.
1285 1026 1362 1062 556
1401 1022 1630 1071 ‚‚A1cmeus·'‘

134 1110 206 1147 pro
245 1097 480 1134 Alcmaeone.
540 1096 739 1133 Praeterea
783 1094 968 1142 „Chium⁴⁴
1013 1095 1124 1132 Curc.
1158 1095 1208 1131 78
1249 1093 1358 1130 brevi
1403 1093 1633 1143 penultima,

140 1164 343 1211 „schema“
377 1165 518 1214 Amph.
549 1166 640 1211 117,
674 1163 778 1213 quod
802 1177 945 1214 parum
970 1163 1196 1200 defenditur
1219 1162 1468 1210 Hesychiana
1494 1161 1634 1210 glossa,

135 1233 240 1283 apud
272 1233 427 1270 Graecos
459 1234 578 1270 etiam
608 1233 739 1279 fuisse,
773 1233 839 1281 qui
872 1233 988 1280 σχέμα
1019 1245 1091 1281 pro
1125 1234 1246 1278 σχῆμα
1279 1230 1465 1267 dicerent.
1513 1229 1636 1275 Quam

134 1301 300 1338 licenter
330 1302 484 1351 antiqui
508 1301 676 1338 Romani
697 1300 833 1338 Graeea
865 1301 1023 1337 nomina
1056 1299 1106 1336 ad
1137 1312 1248 1336 suam
1280 1299 1455 1346 linguam
1486 1310 1635 1334 accom-

136 1369 402 1416 modaverint,
443 1373 482 1406 et
520 1369 677 1406 aliunde
715 1373 854 1406 notum
893 1372 952 1406 est
993 1372 1032 1405 et
1070 1369 1111 1404 in
1141 1367 1213 1405 hoc
1246 1367 1526 1404 commentario
1557 1378 1636 1401 non

135 1451 348 1487 numquam
380 1438 761 1475 commemorabitur.

873 1587 908 1622 3.

452 1677 519 1712 De
552 1676 706 1712 vocali
737 1676 898 1712 addita
929 1677 976 1711 et
1007 1675 1065 1710 de
1097 1681 1323 1718 syncope.

250 1779 296 1816 In
334 1778 639 1828 pronuntiandis
678 1779 840 1816 vocibus
871 1780 929 1814 ita
960 1777 1158 1814 interdum
1197 1776 1440 1824 antiquiores
1471 1773 1636 1810 Romani

137 1848 381 1897 Plautusque
413 1861 434 1884 a
464 1847 750 1897 posterioribus
782 1846 1029 1892 differebant,
1063 1849 1106 1882 ut
1133 1844 1324 1892 syllabam
1351 1846 1417 1879 aut
1445 1841 1637 1878 adderent

139 1919 209 1953 aut
235 1917 464 1953 eximerent.
509 1915 706 1952 Eximitur
732 1915 885 1964 syllaba
918 1918 986 1951 aut
1016 1926 1088 1963 per
1120 1925 1317 1961 syncopen
1350 1914 1418 1947 aut
1449 1923 1520 1960 per
1547 1922 1636 1945 con-

136 1986 392 2030 tractionem,
426 1983 587 2020 additur
617 1984 806 2020 facilioris
838 1981 1176 2032 pronuntiationis
1210 1993 1328 2016 causa
1359 1980 1398 2015 in
1424 1978 1535 2015 novis
1559 1976 1636 2012 for-

137 2052 389 2098 mationibus,
421 2053 590 2088 maxime
623 2053 655 2088 si
686 2065 764 2100 qua
794 2051 842 2087 de
875 2050 1013 2088 Graeca
1043 2049 1178 2096 lingua
1210 2048 1450 2084 derivantur.

204 2111 209 2115 Α
250 2120 352 2157 Nam
379 2120 485 2169 quod
502 2108 648 2157 Graecis
674 2119 1034 2168 frequentissimum
1061 2120 1158 2163 erat,
1191 2120 1235 2152 ut
1267 2117 1497 2164 iungeretur
1527 2110 1641 2149 muta

139 2201 356 2226 consonans
389 2201 474 2225 cum
505 2188 656 2237 liquida
691 2185 758 2234 (κλ,
790 2203 846 2235 κμ,
878 2202 928 2230 κν,
961 2202 1018 2228 πν,
1049 2183 1103 2232 τν)
1137 2188 1255 2233 atque
1288 2184 1405 2220 etiam
1435 2198 1457 2230 μ
1493 2194 1578 2218 cum
1609 2195 1638 2223 ν,

138 2256 179 2292 id
217 2255 368 2292 Latinae
412 2256 556 2305 linguae
601 2255 800 2292 horridius
842 2254 1068 2299 videbatur,
1113 2266 1235 2302 quare
1275 2253 1315 2288 in
1352 2247 1637 2287 transferendis

140 2323 286 2361 Graecis
325 2323 548 2360 nominibus
586 2323 697 2359 brevi
735 2323 864 2360 vocali
906 2322 1042 2358 addita
1075 2333 1305 2359 concursum
1338 2317 1639 2356 consonantium

138 2391 293 2428 mollire
325 2390 549 2427 studebant.
609 2390 844 2427 Addebatur
877 2394 1008 2426 autem
1038 2401 1065 2426 u
1097 2392 1188 2425 ante
1221 2385 1234 2425 l
1265 2392 1303 2424 et
1334 2397 1394 2431 m,
1427 2383 1444 2422 i
1476 2388 1567 2421 ante
1597 2394 1637 2421 nx.

139 2459 359 2496 Insiticium
403 2459 579 2496 vocalem
625 2458 768 2495 cultior
813 2462 908 2495 aetas
949 2458 1182 2507 plerumque
1225 2456 1351 2492 eiecit.
1412 2453 1560 2490 Mansit
1598 2453 1639 2487 in

140 2527 371 2576 AEsculapio
413 2524 654 2573 (Ἀσκλήπιος)
699 2530 737 2562 et
770 2520 936 2562 Hercule
977 2522 1204 2574 (ἹΙρακ).ἷ,ς);
1246 2522 1467 2559 Patroclem
1507 2523 1639 2570 poste-

141 2595 265 2632 riores
312 2594 514 2640 dicebant,
563 2607 676 2643 quem
724 2594 876 2642 antiqui
914 2593 1150 2629 Patricolem
1197 2591 1391 2628 dixerant.
1453 2588 1639 2636 Antiquis

141 2662 412 2712 usurpabatur
441 2663 675 2708 Alcumena,
708 2662 927 2707 Alc-umam,
961 2661 1212 2705 Tecumessa,
1247 2663 1367 2708 atque
1400 2658 1517 2694 etiam
1550 2657 1639 2692 dra-

144 2731 281 2768 chuma
313 2728 511 2780 (159(12,k¹⁷]);
542 2734 626 2767 tum
656 2729 835 2775 Procilla,
870 2729 1037 2766 Cucinus
1070 2725 1263 2775 (Κύκνος),
1297 2726 1455 2763 techina
1487 2720 1637 2772 (τέχνη),

143 2798 295 2836 lucinus
327 2796 508 2846 (λύχνος),
548 2797 749 2847 Daphine,
796 2797 1004 2844 Ariadine,
1051 2797 1333 2846 gyminasium‚
1381 2796 1504 2839 mina,
1553 2804 1637 2841 quae

143 2866 272 2905 forma
302 2879 457 2916 semper
487 2867 644 2903 mansit.

1328 2939 1369 2971 14
