1926 3275
243 286 322 325 150
850 275 1133 319 Prolegomena.

240 412 561 460 argumentorum
583 407 772 456 pleraque
794 404 1013 454 perierunt.
1059 401 1161 438 Nam
1192 413 1313 450 quum
1344 399 1392 436 ab
1423 398 1538 435 initio
1570 398 1743 435 omnium

239 478 462 515 fabularum
492 476 612 513 fuisse
642 473 863 518 videantur,
895 470 1014 508 hodie
1037 470 1078 506 in
1101 468 1295 505 Plautinis
1322 466 1522 505 codicibus
1555 469 1744 516 quattuor

241 549 397 592 extant,
428 542 750 593 Amphitryonis,
782 538 1017 584 Aululariae,
1047 536 1210 583 Militis,
1242 534 1501 582 Mercatoris,
1534 535 1575 571 in
1604 535 1743 583 palim-

240 616 374 663 psesto
389 612 652 650 Ambrosiano
668 607 854 646 Pseudoli
881 607 1155 653 argumentum
1186 606 1386 641 servatum
1417 604 1476 639 est
1508 605 1547 639 et
1576 602 1746 652 vestigia

242 681 410 718 obscura
440 678 664 727 argumenti
693 677 735 713 in
757 675 917 712 Persam
944 670 998 720 (v.
1021 671 1174 709 Ritsch.
1195 670 1355 720 Parerg.
1380 683 1418 719 p.
1445 667 1559 717 297).
1605 670 1746 708 Altera

242 752 373 786 autem
401 747 675 797 periocharum
704 744 825 781 series
857 742 1088 788 argumenta
1112 740 1285 776 omnium
1309 739 1532 776 fabularum
1556 739 1743 785 continet,

243 829 329 866 quae
368 818 504 852 extent
539 813 718 863 quidem,
757 823 848 847 nam
879 808 1084 846 Vidularia
1120 811 1207 844 tota
1238 811 1277 844 et
1306 806 1546 844 Bacchidum
1587 805 1745 844 initium

241 883 371 933 periit.
431 881 499 919 Eae
530 879 759 918 acrostichis
790 878 947 926 scriptae
979 879 1082 922 sunt,
1115 889 1185 912 nec
1216 875 1391 912 eiusdem
1422 875 1594 912 auctoris
1625 878 1745 924 atque

241 951 330 997 illae,
364 963 461 1000 quas
487 962 612 998 nuper
636 945 1035 990 commemoravimus,
1062 957 1145 980 esse
1169 943 1367 990 videntur,
1392 956 1483 979 nam
1508 946 1547 979 et
1570 943 1745 980 narratio

241 1019 370 1054 minus
400 1017 494 1053 felix
525 1020 564 1053 et
595 1016 722 1052 oratio
755 1013 932 1063 asperior
962 1015 1033 1048 est.
1094 1011 1270 1061 Uterque
1308 1014 1426 1060 poeta
1465 1010 1746 1060 antiquitatem

243 1087 434 1131 sectatur,
476 1088 594 1134 atque
632 1081 852 1127 interdum,
892 1081 1059 1116 maxime
1098 1079 1408 1115 acrostichorum
1440 1078 1628 1127 scriptor,
1660 1078 1746 1127 ipso

242 1153 382 1189 Plauto
408 1152 609 1201 antiquior
632 1150 778 1188 evadit.
810 1148 897 1186 Huc
921 1148 1106 1197 pertinet,
1132 1145 1239 1195 quod
1260 1159 1397 1183 versus
1421 1158 1562 1194 parum
1584 1145 1746 1182 iucundi

244 1221 362 1257 etiam
399 1219 572 1256 hiatibus
612 1217 833 1263 abundant,
869 1216 1011 1266 quibus
1052 1227 1173 1264 quum
1202 1213 1369 1251 Plautus
1406 1214 1492 1263 ipse
1529 1212 1747 1250 modestius

243 1301 338 1325 usus
369 1288 439 1334 sit,
473 1289 793 1336 argumentorum
822 1284 995 1332 scriptor
1024 1296 1219 1332 nusquam
1248 1283 1453 1331 temperat.
1509 1281 1610 1318 Nam
1641 1280 1748 1331 quod

244 1355 483 1392 Ritschelius
517 1352 572 1404 (p.
593 1351 691 1401 319)
723 1352 905 1389 inertiam
935 1351 1095 1388 illorum
1126 1350 1271 1399 culpat,
1305 1350 1384 1399 qui,
1418 1349 1524 1398 quod
1546 1349 1587 1385 in
1603 1348 1746 1387 Plauto

244 1423 311 1460 vix
342 1423 421 1460 sint
451 1422 677 1468 toleraturi,
718 1422 915 1469 imputare
952 1422 1086 1456 tamen
1125 1418 1366 1467 argumentis
1403 1430 1483 1454 non
1522 1419 1746 1464 vereantur,

244 1490 286 1527 id
316 1490 428 1527 nobis
459 1490 592 1539 potius
623 1501 726 1525 sanae
758 1487 922 1524 rationis
953 1500 1036 1523 esse
1067 1486 1238 1523 videtur.

357 1558 551 1594 Proximis
583 1556 734 1593 saeculis
758 1568 879 1605 quum
904 1554 1035 1591 studia
1058 1556 1304 1590 senescerent
1328 1565 1559 1602 semperque
1584 1552 1748 1590 exiliora

245 1626 404 1672 fierent,
437 1624 701 1673 antiquissimi
740 1624 886 1672 quique
927 1623 1140 1671 scriptores
1181 1622 1337 1658 omnino
1367 1621 1591 1671 perierunt,
1624 1633 1668 1657 ac
1698 1632 1748 1657 ne

245 1694 411 1730 Plautus
458 1692 617 1742 quidem
668 1691 745 1728 nisi
796 1703 889 1727 raro
934 1689 1158 1739 legebatur,
1204 1689 1268 1726 vel
1313 1689 1407 1738 quia
1450 1691 1581 1725 totum
1626 1700 1749 1736 genus

246 1762 374 1798 minus
417 1759 619 1810 placebat,
666 1759 729 1796 vel
774 1759 868 1807 quia
912 1756 1114 1794 difficilior
1150 1758 1255 1794 lectu
1292 1757 1515 1794 videbatur.
1576 1756 1748 1793 Venera-

245 1829 393 1865 bantur
442 1841 530 1864 eum
575 1827 821 1876 grammatici
871 1826 1006 1874 „quasi
1052 1839 1205 1862 sacrum
1250 1827 1446 1861 vetustate
1491 1821 1663 1870 lucum“,
1711 1827 1751 1861 et

247 1895 479 1932 eruditionis
525 1906 642 1930 causa
688 1894 838 1941 glossas
882 1892 973 1929 inde
1020 1895 1224 1941 excerptas
1270 1892 1508 1940 colligebant
1549 1895 1589 1928 et
1628 1892 1748 1928 inter-

247 1962 525 2012 pretabantur3
559 1961 628 1998 sed
658 1961 731 1998 soli
762 1961 1003 2009 antiquiores
1029 1961 1159 2009 ipsum
1181 1959 1364 1996 Plautum
1390 1962 1596 2006 noverant,
1629 1959 1749 1996 ceteri

247 2030 515 2078 antiquiorum
551 2028 628 2066 fide
668 2028 763 2074 nisi,
804 2041 889 2077 quae
929 2027 1035 2077 apud
1073 2039 1136 2064 eos
1175 2027 1427 2073 invenerant,
1461 2026 1747 2064 exscribebant.

249 2096 333 2142 Qua
362 2097 513 2133 ratione
543 2095 629 2132 fieri
659 2108 737 2132 non
761 2095 896 2144 potuit
923 2095 1019 2144 quin
1043 2107 1196 2131 errores
1220 2097 1439 2141 orerentur,
1473 2094 1542 2131 sed
1564 2095 1750 2132 universa

248 2176 310 2200 res
355 2163 651 2211 religiosissime
697 2162 900 2211 agebatur.
961 2162 1046 2199 Hoc
1090 2161 1153 2199 vel
1197 2161 1290 2198 inde
1328 2164 1515 2211 apparet,
1557 2162 1663 2211 quod
1700 2174 1749 2199 ne

248 2231 474 2268 manifestos
505 2230 662 2280 quidem
694 2229 950 2266 librariorum
982 2242 1135 2266 errores
1167 2230 1366 2276 corrigere
1397 2228 1608 2275 audebant,
1640 2228 1750 2266 velut

249 2298 400 2336 Gellius
431 2298 468 2345 I,
501 2299 537 2345 7,
574 2299 620 2334 ll
661 2296 872 2343 „Plautus“
908 2298 1039 2346 inquit
1081 2297 1144 2343 „in
1176 2296 1333 2343 Casina,
1374 2310 1494 2345 quum
1533 2296 1580 2333 de
1616 2296 1750 2346 puella

248 2366 488 2415 loqueretur,
523 2366 743 2402 occisurum
776 2365 887 2412 dixit,
919 2379 998 2401 non
1031 2362 1289 2411 occisuram“,
1322 2365 1442 2413 idque
1469 2364 1546 2401 dici
1571 2364 1749 2414 potuisse

250 2434 335 2470 aliis
365 2432 619 2469 librariorum
651 2432 851 2469 erroribus
881 2431 1050 2482 probare
1076 2435 1253 2468 conatur.
1302 2432 1431 2469 Multa
1452 2431 1567 2468 huius
1592 2433 1749 2479 generis

251 2500 428 2549 exempla
457 2499 643 2537 Nonius
682 2499 852 2549 praebet,
893 2500 955 2536 cui
994 2500 1062 2536 uni
1099 2499 1190 2548 plus
1229 2512 1347 2548 quam
1386 2499 1528 2536 ceteris
1567 2498 1749 2536 omnibus

249 2567 515 2616 grammaticis
546 2568 655 2603 crisis
686 2567 872 2604 Plautina
901 2567 1032 2603 debet.
1093 2567 1130 2603 Is
1168 2579 1270 2615 saepe
1308 2567 1563 2605 librariorum
1595 2578 1749 2603 errores

250 2647 321 2683 pro
365 2647 460 2670 vcra
503 2635 757 2682 antiquorum
801 2634 989 2683 loquendi
1034 2635 1188 2671 ratione
1232 2635 1423 2672 venditat.
1492 2633 1553 2671 Ex
1596 2633 1749 2683 ingenti

251 2704 380 2737 autem
426 2714 587 2738 numero
628 2714 744 2749 quem
785 2702 901 2738 affert
938 2701 1211 2738 Plautium-um
1251 2715 1434 2739 versuum
1482 2715 1603 2751 quum
1649 2701 1747 2738 alios

250 2767 394 2804 habeat
439 2768 683 2805 emendatius
729 2770 894 2817 scriptos
940 2781 1057 2818 quam
1095 2768 1221 2804 nostri
1261 2770 1434 2816 codices,
1478 2770 1576 2807 alios
1617 2770 1747 2807 minus
