1926 3275
824 286 867 322 v.
893 288 1083 322 779—801.
1621 295 1704 335 423

201 417 354 454 ratione
386 415 510 453 osculi
541 416 728 464 mysteria
760 418 925 466 aperiat.
986 415 1048 455 Sic·
1079 418 1257 460 δεικτικῶς
1288 419 1470 467 ponitur3
1501 421 1704 470 parasitus

202 484 300 534 quid
339 483 553 532 significet,
595 485 680 533 ipse
719 488 926 522 monstrat.
989 481 1163 524 Sentium
1200 499 1272 536 pro
1312 487 1398 535 ipso
1437 500 1505 525 ore
1544 492 1619 536 est,
1660 492 1703 527 ut

202 553 288 591 Mil.
319 553 391 589 94:
435 551 520 599 „hic
550 552 777 589 meretrices
810 554 1000 590 maiorem
1031 557 1186 603 partem
1216 554 1511 604 uideas-ualgis
1542 554 1702 593 sauiis“.

201 620 304 659 Rud.
338 621 440 658 424:
492 633 616 670 „quae
653 619 807 657 indoles
844 621 885 658 in
924 623 1034 659 sauio
1072 620 1182 659 est?“
1233 622 1334 661 Gell.
1358 623 1528 671 XVIIII,
1560 626 1628 671 11,
1658 625 1701 661 4:

207 688 460 736 „semihiulco
493 685 645 725 sauio“.
677 709 734 713 —
767 690 860 726 792.
902 687 958 727 ad
994 687 1138 728 uinum
1177 694 1216 728 et
1252 688 1420 729 interim
1458 705 1499 729 se
1536 693 1704 729 invicem

201 757 412 806 explicant.
473 756 666 803 Quamdiu
702 756 932 795 adulescens
966 762 1004 795 et
1034 759 1166 807 puella
1198 762 1465 809 compotantes
1497 759 1702 806 accubant,

200 826 292 862 lena
322 824 506 863 accedere
537 827 706 862 vetatur.
763 825 819 864 Cf.
853 826 940 863 Ter.
974 826 1117 864 Heaut.
1154 828 1252 864 568:
1298 827 1396 873 „Uel
1425 827 1510 864 heri
1539 828 1580 864 in
1611 829 1703 865 uino

825 914 882 918 —
914 895 1008 932 793.
1041 891 1186 942 uerbo,
1224 895 1248 932 i.
1282 908 1313 931 e.
1352 895 1416 932 vel
1452 909 1530 933 uno
1570 896 1702 934 verbo.

199 981 260 987 —
290 962 385 999 795.
417 958 592 1010 scripsti
622 962 714 999 olim
748 962 1010 999 emendatum.
1036 982 1093 987 —
1124 963 1204 1000 796
1232 976 1318 1012 sqq.
1343 963 1506 1001 Veneris
1532 967 1570 1001 et
1586 964 1704 1014 Cupi-

200 907 319 943 quam
349 893 595 931 inmodestus
632 892 790 931 fuisti!“

200 1030 307 1067 dinis
335 1043 423 1067 aras
448 1043 590 1068 ornare
616 1033 655 1067 et
678 1030 804 1067 colere
829 1032 1056 1068 meretrices
1082 1030 1257 1077 decebat,
1284 1031 1330 1068 cf.
1349 1031 1498 1070 Poenul.
1521 1033 1597 1069 315
1618 1046 1703 1082 sqq.

715 1101 736 1114 μ

201 1097 363 1136 Lucian.
390 1097 493 1135 Dial.
522 1102 680 1136 meretr.
721 1112 731 1136 t
770 1099 857 1136 init.
891 1099 940 1137 al.
989 1098 1242 1136 Ornabantur
1274 1102 1402 1136 autem
1434 1113 1510 1137 arae
1543 1098 1705 1138 coronis

199 1169 240 1203 et
269 1163 408 1214 sertis,
441 1166 488 1203 cf.
520 1166 611 1204 Aul.
645 1168 715 1205 25:
755 1166 847 1214 „dat
878 1167 975 1204 mihi
1006 1165 1210 1205 coronas“.
1271 1168 1370 1204 378:
1407 1167 1541 1214 „Nunc
1573 1172 1705 1206 tuscu-

200 1234 283 1272 lum
315 1236 391 1272 emi
422 1239 461 1272 et
489 1234 605 1272 hasce
637 1248 800 1272 coronas
832 1235 986 1282 floreas,
1012 1235 1108 1273 haec
1136 1237 1375 1285 inponentur
1397 1236 1437 1272 111
1459 1236 1545 1273 foco
1568 1240 1705 1275 nostro

200 1301 335 1341 Lari“.
397 1303 507 1341 Cato.
539 1302 586 1340 R.
618 1303 665 1341 R.
698 1304 798 1341 143:
835 1303 1068 1351 „Kalendis,
1101 1303 1257 1350 Idibus,
1290 1303 1434 1351 Nonis,
1467 1303 1590 1342 fest-us
1622 1305 1705 1342 dies

199 1385 289 1409 611111
330 1372 425 1418 erit,
467 1384 652 1409 coronam
683 1372 725 1408 111
754 1372 885 1409 focum
915 1370 1068 1409 indat“.
1131 1371 1222 1418 Quae
1255 1384 1406 1408 coronae
1440 1373 1592 1409 etiamsi
1621 1373 1704 1422 ple-

201 1453 365 1490 rumque
398 1440 537 1489 capitis
567 1439 726 1477 modum
759 1439 1009 1486 excedebant,
1042 1443 1086 1477 ut
1118 1444 1175 1477 est
1203 1440 1308 1489 apud
1331 1439 1436 1477 Fest.
1454 1440 1562 1491 Epit.
1580 1455 1618 1491 p.
1641 1442 1703 1488 69,

201 1512 337 1545 tamen
375 1521 455 1545 non
489 1508 589 1545 alius
619 1509 774 1557 generis
807 1512 940 1555 erant,
976 1522 1093 1558 quam
1125 1508 1268 1557 quibus
1300 1507 1514 1546 utebantur
1544 1510 1583 1546 in
1615 1522 1705 1546 con-

200 1577 338 1624 viviis,
370 1580 415 1614 ut
445 1576 549 1614 infra
580 1590 615 1613 v.
651 1577 743 1614 870.
804 1576 887 1613 Nec
923 1575 1154 1626 mzyzoenta,
1193 1575 1335 1626 quibus
1366 1577 1706 1625 perfundebantur

200 1645 389 1692 homines,
423 1645 521 1682 alius
551 1645 706 1694 generis
738 1648 870 1691 erant,
905 1658 1020 1694 quam
1053 1644 1194 1694 quibus
1226 1644 1378 1695 lapides
1411 1646 1511 1682 sacri
1543 1649 1581 1682 et
1613 1659 1701 1682 aree.

200 1712 260 1750 De
298 1713 373 1751 hoc
411 1726 519 1750 more
558 1713 636 1750 vid.
669 1713 885 1750 Heimann.
918 1712 1099 1750 Gottesd.
1132 1713 1303 1750 Alterth.
1339 1714 1410 1759 24,
1448 1714 1510 1750 16.
1550 1726 1619 1750 nos
1656 1713 1705 1750 ad

199 1781 466 1831 Theophrasti
497 1780 611 1819 Char.
649 1782 711 1828 16,
743 1794 781 1830 p.
818 1783 909 1819 113.
960 1781 1120 1818 Lucian.
1154 1781 1326 1818 Β60111111
1359 1781 1494 1818 concil
1532 1783 1601 1818 12;
1635 1783 1705 1823 πᾶς

200 1851 307 1891 λίθος
346 1850 403 1886 καὶ
442 1865 512 1891 πας
552 1849 688 1897 βωαὸς,
729 1851 765 1891 ὃς
797 1851 838 1886 ἂν
870 1852 974 1898 ἐλαίῳ
1008 1852 1193 1899 πεοιχυθῆ
1229 1850 1285 1886 καὶ
1319 1850 1514 1896 στεφάνους
1547 1849 1617 1897 ἴχι,
1650 1869 1705 1874 —

203 1919 297 1955 797.
328 1918 424 1955 Post
459 1917 653 1964 „‘Uene1i“
689 1918 823 1955 hiatus
856 1922 926 1955 est.
976 1918 1142 1968 Antiqui
1175 1918 1261 1955 edd.
1300 1924 1457 1965 .,suam
1494 1917 1703 1954 addebant.

200 1986 261 2024 Fl.
299 1948 466 2034 „Veneri
507 1984 680 2023 defe1·re“
725 1987 894 2036 scripsit.
955 1986 1045 2023 Alia
1075 1987 1245 2023 tentavit
1275 1961 1421 2023 Mulier
1451 1999 1489 2036 p.
1526 1987 1617 2023 (395.
1655 2005 1702 2010 --

203 2057 296 2093 798.
330 2055 481 2103 seruet,
516 2054 709 2101 observet,
744 2054 789 2091 cf.
822 2055 912 2091 Aul.
949 2056 1041 2092 357.
1074 2054 1178 2092 Men.
1214 2056 1307 2092 213.
1347 2053 1448 2091 Rud.
1483 2055 1576 2091 895.
1615 2054 1703 2090 Ter.

199 2123 326 2161 Andr.
360 2124 461 2161 212:
512 2136 599 2170 „me
644 2123 821 2160 infensus
866 2126 1019 2170 seruat,
1060 2136 1108 2160 ne
1148 2136 1263 2173 quam
1302 2123 1441 2160 faciam
1478 2122 1519 2159 in
1556 2123 1705 2171 nuptiis

200 2190 440 2229 fallaciam“.
501 2191 602 2229 Non.
641 2205 680 2241 p.
715 2192 815 2237 387,
858 2194 925 2240 qui
964 2196 1111 2241 praeter
1149 2191 1186 2228 h.
1220 2204 1254 2228 v.
1296 2204 1342 2227 ex
1381 2189 1531 2227 Lucilio
1571 2190 1703 2227 affert:

207 2260 334 2307 „Quid
363 2273 511 2308 seruas,
545 2273 621 2310 quo
654 2273 751 2305 eam,
786 2259 881 2308 quid
913 2259 1050 2309 agam?
1084 2259 1180 2309 quid
1211 2259 1252 2295 id
1283 2259 1429 2295 attinet
1455 2258 1503 2295 ad
1530 2257 1622 2295 te?“
1651 2278 1706 2283 —-

203 2329 297 2366 799.
321 2339 431 2378 pure
462 2325 622 2375 habere,
656 2328 775 2377 ἁγνῶς
800 2327 903 2374 ἔχειν,
932 2342 953 2364 3
978 2327 1189 2364 concubitu
1217 2326 1426 2372 abstinere,
1455 2326 1560 2376 quod
1586 2339 1703 2376 quum

201 2398 244 2433 in
275 2397 361 2435 aliis
392 2397 592 2447 plerisque
624 2397 767 2442 sacris,
801 2399 883 2433 tum
915 2397 957 2432 in
988 2395 1122 2432 Isiacis
1155 2394 1419 2432 observabant
1449 2394 1622 2441 feminee,
1657 2394 1703 2431 cf.

202 2464 332 2503 Tibul.
364 2465 400 2512 Ι,
436 2467 479 2512 3,
515 2466 585 2502 26;
625 2477 748 2515 „puro
781 2463 1006 2501 secubuisse
1037 2462 1168 2501 toro“.
1230 2464 1410 2512 Propert.
1444 2462 1498 2509 II,
1534 2464 1604 2508 28,
1640 2463 1703 2499 (32.

204 2533 277 2580 33,
314 2535 354 2571 1:
402 2533 574 2580 „Tristia
613 2533 690 2570 iam
730 2532 898 2569 redeunt
936 2533 1080 2569 iteruin
1119 2531 1324 2569 sollemnia
1364 2530 1498 2577 nobis,
1538 2530 1705 2578 Cynthia

204 2601 281 2638 iam
319 2605 454 2639 noctes
493 2605 551 2639 est
590 2605 751 2650 operata
791 2598 964 2637 decen1‘².
997 2620 1053 2624 —-
1085 2601 1178 2637 800.
1212 2609 1402 2647 spurcas,
1444 2599 1586 2649 quibus
1617 2614 1704 2637 611111

204 2670 292 2707 viro
325 2669 450 2707 cubet.
508 2670 564 2708 Cf.
597 2669 699 2706 Non.
732 2682 770 2718 p.
808 2669 899 2714 394,
934 2669 1001 2717 qui
1033 2668 1070 2705 h.
1103 2682 1138 2705 v.
1171 2668 1296 2704 affert.
1356 2667 1468 2713 Quod
1500 2671 1539 2704 et·
1571 2668 1636 2705 ille
1668 2673 1704 2705 et

202 2737 317 2775 codd.
363 2738 539 2776 Plautini
589 2735 771 2786 „puras“,
819 2750 897 2774 non
955 2735 1099 2786 „pure“
1156 2735 1322 2783 habent,
1378 2749 1494 2773 versu
1546 2736 1704 2774 iubente

207 2805 429 2844 emendavit
454 2806 631 2843 Bothius.
665 2825 719 2829 —
752 2806 844 2842 801.
877 2804 981 2851 Haec,
1014 2805 1156 2854 inquit,
1190 2805 1293 2842 seria
1323 2808 1427 2850 sunt,
1461 2817 1540 2842 non
1572 2817 1703 2852 nugae3

205 2887 332 2923 neque
364 2877 469 2912 enim
500 2875 667 2912 mortuis
700 2873 781 2910 haec
808 2876 1027 2919 cantantur,
1054 2872 1122 2910 sed
1146 2874 1246 2910 vivis
1271 2873 1508 2910 scribuntur.
1549 2872 1705 2909 Etenim
