1926 3275
744 328 1024 374 Prolegomena.
1556 331 1637 371 145

131 459 298 498 Romam
335 459 498 497 rediisse
535 460 705 509 vitaeque
750 458 1016 496 sustentandae
1062 470 1178 495 causa
1222 455 1272 494 ad
1317 455 1637 506 circumagendas

132 528 277 575 molas,
310 541 397 578 quae
426 527 629 565 trusatiles
661 527 933 577 appellantur,
965 527 1110 577 pistori
1140 538 1301 576 operam
1332 538 1444 562 suam
1473 525 1636 562 locasse.

130 595 178 633 In
207 597 379 646 pistrino
420 599 502 633 tres
534 609 623 633 eum
652 595 808 632 fabulas
838 594 1043 644 scripsisse
1071 613 1130 619 —
1160 594 1327 630 duarum
1357 593 1518 630 nomina
1548 592 1638 630 Gel-

131 664 208 701 lius
237 664 314 711 HI,
350 665 393 711 3,
437 664 488 701 14
535 664 788 710 meminerat,
830 662 1081 700 Saturionem
1128 665 1169 699 et
1203 661 1420 698 Addictum
1457 680 1515 686 —
1552 673 1639 710 quae

135 735 283 782 quum'
315 731 579 782 placuissent,
633 731 775 781 populi
826 730 961 768 favore
1015 730 1162 767 elatum
1221 728 1446 766 liberaliter
1504 729 1640 766 vivere

131 800 311 851 potuisse
355 812 619 849 magnumque
663 798 889 836 fabularum
939 810 1145 835 numerum
1195 810 1268 846 per
1318 796 1465 834 multos
1518 808 1640 834 annos

134 867 327 905 docuisse.
389 867 482 913 Quae
514 867 691 917 quamvis
723 869 964 914 exaggerata
996 878 1081 902 esse
1111 865 1283 915 possint,
1316 866 1450 902 tamen
1480 865 1523 901 in
1551 865 1641 901 uni-

132 948 290 972 versum
319 935 405 973 veri
435 935 699 972 similitudine
722 948 804 972 non
827 937 975 971 carent.
1014 932 1188 970 Fabulas
1212 932 1353 969 docere
1376 932 1455 970 iam
1478 931 1642 970 secundi

132 1002 274 1040 Punici
296 1002 393 1040 belli
414 1006 596 1053 tempore
620 1003 836 1052 inceperat,
869 1003 903 1039 si
926 1001 1086 1051 quidem
1110 1000 1300 1047 Naevium,
1334 1001 1403 1050 qui
1427 1014 1531 1038 anno
1558 999 1641 1037 204

135 1074 313 1109 mortuus
336 1084 421 1108 esse
445 1071 602 1118 dicitur,
626 1073 672 1108 ut
694 1072 828 1107 vivum
852 1072 1136 1107 commemorat
1160 1069 1201 1105 in
1217 1068 1360 1114 Milite,
1385 1080 1422 1105 v.
1443 1069 1544 1115 213;
1569 1080 1642 1104 nec

134 1138 259 1176 multo
291 1142 383 1176 ante
413 1141 582 1176 mortem
613 1138 776 1175 desiisse
808 1150 1024 1183 censemus,
1050 1137 1199 1186 quippe
1231 1149 1348 1186 quem
1377 1136 1495 1173 senili
1526 1138 1642 1173 aetate

134 1206 417 1244 Truculentum
463 1210 503 1244 et
546 1206 788 1244 Pseudolum
833 1205 1037 1255 scripsisse
1083 1203 1220 1241 Cicero
1265 1206 1447 1241 testetur.
1509 1203 1641 1253 Atque

133 1276 289 1312 utinam
327 1277 510 1312 extarent
547 1274 774 1312 didascaliae
804 1273 1018 1319 Plautinae,
1059 1285 1226 1322 quarum
1265 1271 1344 1308 fide
1387 1271 1483 1308 freti
1528 1284 1643 1308 suum

135 1343 277 1393 cuique
306 1341 449 1380 fabulae
475 1356 621 1380 annum
650 1342 828 1380 tribuere
851 1341 1075 1391 possemus!
1110 1340 1188 1377 Sed
1217 1351 1432 1389 numquam
1464 1339 1642 1375 extitisse

134 1411 335 1448 videntur.
396 1410 497 1448 Nam
535 1410 785 1448 Terentianis
830 1409 980 1446 similes
1026 1408 1059 1445 si
1096 1407 1373 1445 Plautinarum
1417 1406 1641 1443 fabularum

137 1478 363 1516 didascaliae
394 1479 575 1525 fuissent,
606 1492 687 1516 non
716 1481 799 1515 tam
828 1478 981 1514 incerta
1011 1479 1115 1513 esset
1143 1475 1284 1512 harum
1310 1487 1443 1512 rerum
1470 1475 1644 1512 omnium

137 1547 326 1595 cognitio,
351 1559 425 1583 nec
449 1546 498 1583 de
524 1549 684 1584 auctore
709 1547 796 1595 ipso
820 1548 904 1582 tam
926 1544 1182 1582 vehementer
1206 1543 1453 1580 dubitassent
1476 1542 1642 1591 antiqui.

137 1614 267 1661 Quare
298 1615 331 1651 si
363 1626 450 1663 quae
480 1617 623 1664 postea
653 1613 772 1650 editis
803 1612 948 1650 fabulis
973 1611 1119 1649 additae
1144 1611 1379 1659 legebantur
1404 1610 1642 1656 didascaliae,

139 1695 202 1720 eas
232 1694 393 1719 necesse
424 1685 484 1719 est
515 1681 746 1719 addiderint
775 1682 896 1731 primi
926 1680 1113 1726 editores,
1146 1678 1247 1716 Stilo
1280 1679 1441 1727 eiusque
1473 1677 1643 1727 aequales

137 1750 395 1800 grammatici.
442 1749 592 1787 Eorum
623 1752 755 1786 autem
783 1751 897 1785 tanta
920 1748 1063 1796 religio
1090 1747 1179 1793 fuit,
1204 1748 1251 1783 ut
1271 1758 1351 1782 non
1373 1749 1523 1782 temere
1546 1745 1645 1782 talia

138 1817 344 1865 fingerent,
378 1817 448 1854 sed
477 1820 562 1854 tum
593 1817 751 1854 demum
780 1816 926 1854 litteris
959 1816 1259 1863 consignarent,
1293 1813 1326 1850 si
1357 1812 1454 1862 quid
1484 1811 1643 1850 aliunde

137 1886 330 1923 traditum
352 1898 394 1922 se
417 1884 565 1922 habere
590 1887 789 1934 putarent,
813 1884 855 1921 id
880 1884 988 1934 quod
1017 1896 1181 1933 perraro
1212 1881 1300 1919 fieri
1328 1881 1473 1930 potuit.
1512 1880 1644 1918 Unum

140 1954 223 1990 eius
267 1952 376 1991 modi
422 1953 643 2003 exemplum
687 1952 910 1990 Pseudolus
964 1950 1097 1988 afferri
1144 1963 1263 2000 posse
1308 1948 1487 1994 videtur,
1535 1947 1643 1985 cuius

141 2021 364 2058 didascaliae
408 2021 588 2070 reliquiae
637 2021 788 2068 exiguae
834 2018 1048 2057 admodum
1091 2018 1132 2054 in
1177 2017 1437 2067 palimpsesto
1475 2014 1643 2052 Ambro-

140 2091 249 2126 siano
279 2089 449 2126 inventae
480 2091 586 2125 sunt.
648 2087 752 2134 Quas
791 2087 823 2124 si
860 2090 968 2124 recte
1007 2087 1317 2135 interpretatum
1349 2087 1409 2121 est
1438 2082 1645 2120 Ritschelii

140 2169 305 2194 acumen
337 2153 512 2205 (Parerg.
536 2155 712 2192 Plautin.
738 2154 827 2192 Ter.
859 2168 899 2204 p.
934 2155 1013 2192 283
1047 2150 1168 2203 sqq),
1200 2153 1301 2190 hanc
1331 2151 1504 2189 fabulam
1527 2151 1644 2187 Plau-

140 2226 205 2262 tus
236 2223 372 2261 docuit
401 2236 503 2260 anno
536 2236 570 2260 a.
594 2222 683 2260 Chr.
716 2236 754 2259 n.
787 2223 862 2259 191
896 2222 1003 2259 ludis
1025 2220 1294 2269 Megalesibus
1325 2220 1366 2256 in
1398 2219 1644 2256 dedicatione

142 2291 236 2329 aedis
256 2291 412 2339 Magnae
434 2290 576 2327 Matris
599 2290 760 2327 habitis.
808 2289 987 2326 Alteram
1019 2289 1273 2326 didascaliam
1305 2287 1355 2324 ad
1386 2300 1531 2324 annum
1564 2287 1643 2323 200

140 2359 408 2408 pertinentem
452 2358 530 2394 iam
575 2356 706 2394 Maius
751 2357 792 2394 in
840 2357 979 2394 eodem
1024 2355 1155 2393 codice
1200 2356 1371 2405 legerat3
1424 2354 1645 2391 accuratius

142 2426 270 2464 edidit
305 2424 544 2463 Ritschelius
588 2425 631 2460 in
668 2424 852 2471 Parergis
890 2437 928 2473 p.
964 2424 1057 2461 261,
1132 2423 1230 2460 Eam
1268 2422 1391 2460 Stichi
1436 2434 1520 2458 esse
1558 2420 1645 2457 Rit-

141 2493 310 2531 schelius
340 2491 633 2542 suspicabatur,
668 2495 708 2528 et
736 2491 827 2528 huic
858 2492 1001 2528 fabulae
1032 2492 1252 2541 praeposuit
1278 2489 1574 2527 Fleckeisenius
1604 2489 1645 2524 in

143 2561 336 2607 editione,
369 2560 520 2597 cautius
543 2560 628 2609 ipse
653 2559 891 2596 Ritschelius
915 2559 1056 2605 omisit,
1085 2559 1233 2608 quippe
1260 2570 1377 2607 quam
1403 2557 1453 2593 ad
1469 2556 1645 2593 Terentii

143 2628 348 2678 Adelphos
380 2628 580 2678 pertinere
613 2630 652 2663 et
681 2639 825 2663 nomen
865 2627 995 2675 ipsum
1038 2626 1223 2663 ostendat
1254 2629 1292 2662 et
1324 2625 1450 2661 exitus
1483 2624 1644 2672 Hecyrae

143 2696 392 2733 Terentianae
430 2696 472 2731 in
511 2707 649 2731 aversa
684 2694 771 2731 solii
801 2697 916 2743 parte
946 2693 1072 2730 lectus
1103 2707 1126 2730 a
1157 2693 1356 2743 Gepperto
1389 2689 1539 2739 (Ucber
1570 2691 1645 2728 den

145 2762 277 2801 Codex
306 2763 593 2800 Ambrosianus
623 2775 662 2810 p.
699 2758 788 2807 10);
822 2761 931 2798 cuius
963 2760 1104 2798 fabulae
1136 2761 1244 2797 aetati
1275 2773 1352 2810 quo
1384 2772 1517 2796 errore
1550 2771 1644 2808 qua-

146 2829 327 2879 draginta
357 2831 450 2867 anni
481 2829 608 2866 additi
640 2830 729 2876 sint,
762 2842 832 2866 nos
864 2829 1042 2866 divinare
1074 2841 1151 2865 non
1181 2840 1401 2878 possumus.
1459 2826 1644 2862 Externis

145 2898 384 2934 testimoniis
410 2897 604 2943 destituti,
633 2909 709 2946 quo
735 2900 914 2947 tempore
939 2909 1106 2946 quaeque
1130 2895 1264 2932 fabula
1287 2899 1375 2931 acta
1400 2894 1463 2940 sit,
1488 2893 1644 2929 indiciis

1331 2970 1373 3002 10
