1926 3275
810 285 851 320 v.
876 286 1068 321 819—855.
1605 293 1687 332 427

190 414 261 453 sed
290 414 487 462 simulato,
521 414 676 463 qualem
700 414 852 464 antiqui
870 414 1106 454 sardonium
1131 416 1398 466 appellabant,
1426 421 1492 454 aut
1520 418 1687 464 „alienis

190 483 304 520 malis
347 479 501 520 ridere“
551 481 744 520 dicebant.
813 483 870 521 Cf.
910 484 998 521 Ter.
1038 483 1139 522 Eun.
1181 485 1280 522 655:
1334 485 1588 532 „Temulenta
1633 500 1686 524 es.

189 550 268 588 PY.
307 550 468 589 Utinam
506 551 560 588 sic
606 552 686 588 sint
730 551 799 600 qui
843 551 939 589 mihi
983 552 1083 589 male
1127 551 1308 590 uolunt“.
1356 573 1412 578 ——
1457 554 1551 591 836.
1593 552 1687 604 quia

188 618 340 656 Acidal.
373 633 460 666 em.,
495 618 537 657 at
558 619 700 656 Weise.
733 639 789 644 —-
821 620 914 657 838.
946 620 1046 658 sunt
1075 634 1126 658 sc.
1159 620 1245 667 tibi,
1276 621 1322 658 cf.
1353 623 1446 660 831.
1478 622 1566 660 Ter.
1584 621 1686 660 Eun.

190 688 283 725 786.
320 688 439 725 1056.
471 708 529 713 —
559 687 767 736 exoptem,·
797 689 1067 726 coniunctivus
1101 689 1298 726 rationem
1324 703 1403 728 non
1425 690 1563 737 habet3
1596 691 1686 728 scri-

188 755 377 794 bendum:
415 759 595 806 „exopt0,
629 769 673 793 ea
703 754 839 794 uolo“.
864 777 921 782 —
945 758 1039 795 841.
1073 754 1265 795 deuinoeh'
1295 758 1390 795 olim
1422 758 1684 796 emendatum.

187 844 243 848 ——
273 824 310 862 te
339 820 520 863 hilarum
553 821 630 862 das
659 820 779 872 mihi,
813 825 837 861 i.
871 838 902 862 e.
935 825 1098 875 praebes,
1133 826 1180 863 cf.
1215 826 1326 864 Ovid.
1359 826 1451 863 Her.
1489 827 1550 873 16,
1588 828 1685 865 195;

192 893 278 938 „Da
307 892 424 930 modo
455 896 495 930 te
528 891 724 930 facilen1“.

301 1098 395 1135 842.
434 1097 528 1135 Exit
565 1097 800 1145 Artemona,
839 1111 940 1135 uxor
976 1098 1211 1145 Demaeneti,
1254 1112 1334 1136 una
1379 1112 1465 1136 cum
1509 1101 1686 1149 parasito

185 1165 356 1213 Diaboli,
389 1167 456 1216 qui
489 1167 524 1203 ei
553 1165 748 1216 flagitium
779 1168 914 1204 mariti
945 1168 1121 1204 narravit
1152 1166 1271 1216 idque
1305 1168 1384 1204 iam
1417 1168 1540 1205 oculis
1565 1168 1687 1217 ipsius

186 1234 433 1272 subiecturus
479 1238 550 1271 est.
612 1234 734 1272 Scena
779 1236 892 1272 iustae
937 1236 1006 1272 irae
1047 1239 1087 1272 et
1125 1234 1279 1272 ardoris
1318 1235 1438 1285 plena
1477 1236 1686 1273 trochaicis

185 1304 419 1352 septenariis
464 1303 612 1353 scripta
658 1306 729 1340 est.
772 1321 829 1327 —
872 1313 1007 1341 meum
1053 1304 1146 1340 olim
1192 1303 1458 1341 emendatum.
1499 1325 1553 1329 —
1593 1305 1687 1342 Post

175 1371 328 1420 potare
351 1371 481 1408 hiatus
504 1372 545 1407 in
572 1384 729 1408 caesura.
777 1370 836 1408 Fl.
862 1374 1036 1421 transp.:
1074 1375 1236 1422 „potare
1260 1370 1363 1419 hic“,
1395 1372 1543 1409 Miiller
1569 1372 1686 1410 adde-

183 1439 251 1476 bat
296 1438 422 1486 „una“
464 1442 509 1477 ut
548 1440 641 1476 854.
688 1459 744 1464 --
791 1440 884 1477 845.
925 1437 1176 1487 ccslcreduas,
1218 1440 1296 1477 vid.
1336 1439 1385 1477 ad
1416 1441 1557 1491 Amph.
1593 1442 1685 1478 665.

183 1527 239 1531 —
285 1508 365 1545 846
405 1510 450 1544 ut
489 1509 530 1544 in
576 1507 688 1544 codd.
736 1507 942 1555 scribitur,
995 1506 1125 1555 „esse“
1175 1509 1347 1558 priorem
1394 1510 1578 1559 corripit3
1625 1510 1684 1546 Fl.

184 1578 334 1625 transp.
387 1575 636 1622 „mendacem
681 1574 804 1613 esse“.
851 1597 905 1601 —
954 1578 1047 1614 847.
1087 1573 1282 1624 scelesta,
1324 1577 1481 1624 infelix,
1521 1590 1556 1614 v.
1592 1579 1685 1615 473.

183 1664 240 1668 —
276 1641 394 1694 frugsi
432 1647 660 1694 corruptum
700 1648 777 1691 est,
824 1658 913 1682 nam
960 1644 1095 1682 eadem
1140 1657 1216 1682 vox
1261 1647 1302 1682 in
1347 1645 1529 1695 proximo
1571 1659 1687 1682 versu

185 1725 256 1749 suo
301 1712 387 1750 loco
434 1713 610 1761 ponitur.
687 1712 788 1750 Edd.
835 1709 919 1761 fui,
974 1717 1112 1750 contra
1165 1715 1428 1761 grammaticae
1479 1714 1684 1760 rationem,

185 1793 271 1830 quae
325 1784 391 1818 aut
443 1790 537 1818 Sum
587 1781 766 1830 postulat
818 1785 886 1819 aut
936 1777 1113 1830 fueram.
1189 1781 1265 1819 Sed
1320 1783 1562 1830 comparanti
1609 1795 1684 1819 vss.

187 1849 380 1886 847—48
428 1862 515 1886 cum
563 1850 756 1887 849—50
805 1850 903 1888 duos
947 1852 1185 1899 posteriores
1231 1854 1311 1887 tam
1357 1853 1538 1887 accurate
1584 1852 1688 1887 inter

184 1930 224 1953 se
255 1917 494 1967 respondere
526 1921 711 1967 apparet,
745 1922 789 1955 ut
819 1919 983 1966 singulis
1014 1918 1145 1955 verbis
1176 1918 1330 1968 singula
1362 1919 1563 1956 contraria
1599 1918 1686 1955 red—

185 1984 340 2022 dantur.
386 1985 481 2023 Veri
512 1986 640 2024 simile
673 1991 730 2024 est
761 1988 884 2035 igitur
916 1988 1033 2023 etiam
1066 1986 1196 2023 verbis
1227 2000 1263 2024 v.
1299 1987 1377 2023 849
1417 1990 1531 2033 „ante
1562 1987 1687 2023 omnis

184 2053 347 2091 minumi
378 2054 586 2091 mortalem
618 2053 746 2105 preti“
792 2057 833 2092 in
873 2058 1049 2092 extremo
1082 2068 1197 2091 versu
1232 2055 1311 2091 847
1346 2055 1584 2091 contrarium
1617 2055 1687 2091 ali-

185 2121 291 2171 quod
335 2123 508 2172 positum
553 2123 688 2160 fuisse.
751 2123 879 2160 Luchs
918 2124 959 2160 in
991 2122 1164 2161 Studem.
1199 2122 1310 2160 Stud.
1343 2123 1379 2170 Ι,
1420 2136 1458 2172 p.
1492 2123 1542 2159 42
1586 2123 1685 2159 coni.

189 2203 341 2236 „meum
371 2191 502 2228 uirum
537 2189 736 2239 [antehac]
771 2195 858 2229 rata
884 2189 1136 2242 [probum]“;
1169 2204 1240 2240 ego
1265 2205 1338 2241 pro
1369 2189 1521 2240 „frugi“
1550 2191 1689 2240 scripsi

185 2255 407 2309 eyreyium.
468 2259 527 2297 De
558 2261 701 2296 omisso
733 2259 853 2296 verbo
886 2260 1133 2297 substantivo
1165 2259 1245 2297 vid.
1279 2259 1328 2296 ad
1359 2258 1501 2308 Amph.
1537 2259 1600 2294 56.
1638 2278 1686 2282 —-

186 2327 278 2365 848.
311 2327 477 2365 Versum
525 2327 638 2364 affert
675 2327 828 2365 Nonius
874 2342 913 2378 p.
958 2329 1051 2366 394.
1123 2323 1306 2375 Siccam,
1353 2328 1376 2363 i.
1418 2340 1450 2363 e.
1498 2326 1684 2372 sobrium,

184 2408 339 2442 sanum,
373 2395 420 2433 cf.
454 2396 532 2434 Cic.
565 2397 658 2446 Agr.
692 2396 727 2443 I,
767 2397 806 2442 1,
844 2397 885 2433 1:
931 2396 1046 2443 „Haec
1084 2399 1216 2432 utrum
1257 2408 1339 2432 esse
1378 2394 1488 2431 vobis
1521 2394 1687 2431 consilia

184 2463 376 2501 siccorum
409 2477 456 2501 an
486 2464 777 2501 vinolentorum
809 2464 971 2511 somnia,
1005 2467 1044 2501 et
1075 2467 1207 2501 utrum
1240 2464 1414 2511 cogitata
1445 2464 1686 2512 sapientium

185 2545 234 2568 an
266 2535 402 2581 optata
434 2532 672 2570 furiosorum
704 2530 941 2569 vident11r‘?“
991 2532 1098 2569 Pers.
1135 2534 1176 2578 5,
1216 2533 1312 2568 163:
1360 2531 1446 2577 „An
1477 2532 1590 2568 siccis
1623 2531 1686 2567 de-

185 2599 304 2637 decus
335 2599 487 2638 obstem
520 2599 746 2651 cognatis?“
782 2600 884 2637 Huic
911 2613 946 2636 v.
975 2601 1054 2637 850
1088 2601 1329 2638 contrarium
1360 2600 1526 2649 ponitur
1556 2596 1687 2638 madi-

186 2664 283 2716 dus,
323 2672 367 2706 ut
404 2682 494 2705 mox
531 2665 650 2719 f'rugyi
688 2669 928 2706 contrarium
969 2672 1028 2705 cst
1065 2665 1205 2715 nihili,
1249 2668 1296 2704 de
1337 2680 1413 2716 quo
1444 2681 1479 2704 v.
1514 2669 1615 2714 469,
1651 2672 1688 2705 et

185 2738 399 2785 sequentia.
432 2757 488 2762 —
520 2739 612 2775 851.
638 2746 736 2774 uera
764 2734 860 2784 ista,
886 2736 957 2773 hoc
983 2736 1119 2773 ordine
1148 2740 1295 2786 praeter
1319 2736 1350 2772 B
1376 2740 1466 2773 cett.
1494 2736 1618 2783 codd,
1646 2740 1686 2773 ut

186 2816 320 2841 versus
345 2805 544 2854 postulat3
577 2806 702 2855 possis
728 2805 865 2842 etiam:
904 2804 999 2851 „Pol
1025 2806 1102 2842 ista
1126 2807 1165 2842 ni
1190 2804 1326 2842 ue1·a‘².
1354 2826 1410 2831 —
1437 2806 1529 2841 854.
1563 2814 1686 2841 uuam

187 2869 361 2911 amicam
391 2872 472 2920 Fl.,
514 2887 590 2910 non
623 2886 733 2922 opus,
767 2892 822 2897 —
854 2874 946 2911 855.
980 2870 1066 2911 ‘illic
1104 2887 1176 2923 pro
1220 2874 1309 2920 „ille
1342 2873 1398 2911 it“
1434 2873 1550 2910 Both.
1584 2876 1688 2909 recte
