1926 3275
162 1104 361 1164 Fabulam
399 1126 445 1162 de
484 1127 774 1177 Amphitryone
815 1132 853 1165 et
892 1129 939 1165 de
978 1129 1159 1167 Herculis
1187 1131 1396 1168 *natalibus
1435 1133 1489 1169 sic
1528 1138 1664 1171 narrat

162 1195 432 1243 Apollodorus
470 1195 572 1232 Bibl.
603 1195 658 1242 II,
694 1197 737 1242 4,
774 1197 809 1233 8.
885 1197 1212 1246 Amphitryonem
1258 1204 1472 1249 postquam
1517 1202 1664 1239 infelici

164 1276 254 1300 casu
276 1263 553 1312 Electryonem
577 1267 729 1314 patrem
754 1265 962 1312 Alcmenae,
996 1280 1113 1315 quam
1146 1266 1219 1303 sibi
1249 1281 1410 1304 uxorem
1443 1271 1664 1318 spoponde-

162 1334 235 1378 rat,
269 1332 488 1379 occidisset,
522 1333 674 1370 exulem
707 1347 793 1369 cum
825 1346 967 1383 sponsa
991 1334 1144 1372 Thebas
1174 1336 1328 1372 venisse
1360 1335 1526 1374 Creonte
1557 1351 1661 1386 rege.

161 1399 257 1436 Inde
289 1400 339 1437 ad
370 1400 515 1437 bellum
548 1405 682 1438 contra
700 1401 889 1438 Teleboas
921 1403 1002 1439 sive
1019 1402 1202 1451 Taphios,
1237 1416 1404 1452 quorum
1434 1418 1503 1441 rex
1528 1405 1663 1443 Ptere-

161 1468 246 1505 laus
277 1468 473 1505 Alcmenae
506 1469 648 1505 fratres
679 1469 954 1516 interfecisset,
988 1471 1209 1518 profectum
1239 1473 1449 1510 interfecto
1482 1473 1663 1512 Pterelao

160 1548 341 1584 magnam
373 1538 579 1574 victoriam
610 1542 844 1586 reportasse.
893 1538 968 1575 Sed
1002 1542 1213 1588 antequam
1235 1540 1390 1577 Thebas
1420 1543 1661 1590 revertisset,

161 1604 295 1642 Iovem
328 1606 410 1642 eius
442 1605 569 1642 forma
598 1605 780 1643 indutum
811 1606 1039 1643 Alcmenam
1080 1608 1262 1644 invisisse
1295 1612 1333 1644 ct
1365 1610 1477 1658 quasi
1509 1623 1528 1646 e
1560 1610 1662 1648 bello

160 1686 361 1710 reversum
394 1675 542 1720 omnia,
578 1687 664 1723 quae
697 1675 752 1711 ibi
784 1678 871 1711 acta
903 1679 1045 1721 essent,
1080 1677 1114 1711 ei
1146 1689 1324 1712 narrasse
1354 1679 1545 1727 tantoque
1580 1680 1662 1715 eius

162 1754 293 1778 amore
326 1745 483 1790 captum
513 1741 645 1789 fuisse,
679 1746 723 1778 ut
754 1746 908 1780 noctem
939 1743 1048 1780 illam
1078 1744 1274 1792 triplicem
1299 1744 1548 1794 longitudine
1574 1747 1661 1783 red-

162 1808 285 1846 deret.
345 1809 468 1846 Paulo
499 1814 588 1858 post
617 1823 752 1847 verum
783 1811 1111 1860 Amphitryonem
1144 1812 1361 1859 advenisse,
1396 1827 1511 1862 quem
1543 1828 1662 1863 quum

160 1877 360 1924 Alcmena,
394 1879 540 1927 quippe
573 1892 658 1928 quae
690 1893 817 1929 nuper
849 1893 935 1916 eum
969 1879 1191 1916 discessisse
1223 1893 1349 1929 neque
1375 1895 1477 1918 nunc
1505 1882 1660 1920 demum

162 1959 181 1982 e
212 1945 314 1982 bello
345 1946 567 1995 periculoso
599 1947 728 1983 redire
761 1951 948 1994 censeret,
981 1962 1121 1997 parum
1152 1949 1244 1985 laeto
1275 1951 1406 1986 animo
1441 1951 1658 1998 salutasset,

161 2014 399 2064 mirantique
445 2018 484 2052 et
529 2016 797 2065 expostulanti
849 2016 1119 2065 respondisset
1173 2030 1259 2053 eum
1311 2019 1491 2066 proxima
1545 2023 1660 2056 nocte

161 2095 291 2119 secum
322 2082 461 2129 fuisse,
494 2083 631 2120 turbas
663 2084 878 2134 explicasse
910 2084 1102 2121 Tiresiam
1140 2089 1270 2122 vatem
1302 2098 1495 2123 summum
1527 2087 1660 2124 Iovem

162 2163 248 2187 cum
279 2150 466 2188 Alcmena
498 2152 755 2189 concubuisse
788 2152 976 2190 docendo.
1037 2152 1265 2191 Alcmenam
1302 2155 1480 2202 geminos
1516 2168 1659 2204 pueros

160 2220 377 2268 peperisse,
415 2219 623 2257 Herculem
662 2224 701 2257 et
732 2220 940 2270 Iphiclem,
983 2222 1151 2259 alterum
1191 2235 1237 2258 cx
1268 2222 1379 2268 Iove,
1420 2235 1466 2258 ex
1496 2223 1659 2272 Amphi-

159 2290 298 2336 tryone
337 2288 517 2324 alterum.
580 2288 692 2334 Quod
730 2302 778 2325 ne
819 2289 981 2326 dubium
1020 2293 1216 2336 maneret,
1256 2293 1346 2326 uter
1381 2290 1510 2327 utrius
1556 2291 1659 2328 filius

160 2358 280 2401 esset,
312 2354 473 2392 Iunonis
512 2356 700 2393 invidiam
740 2356 923 2394 effecisse.
986 2357 1078 2403 Quae
1122 2371 1241 2406 quum
1279 2358 1413 2407 pueris
1454 2362 1543 2396 octo
1581 2360 1655 2396 iam

159 2435 311 2459 menses
341 2424 445 2460 natis
477 2423 573 2461 duos
605 2436 751 2472 angues
789 2425 970 2473 ingentes
1008 2426 1251 2472 immisisset,
1284 2425 1491 2462 Herculem
1532 2427 1657 2463 infan-

158 2494 238 2527 tem
268 2491 448 2528 manibus
480 2493 561 2528 suis
592 2496 803 2542 utrumque
835 2493 997 2530 elisisse.

274 2558 344 2596 His
382 2563 499 2608 pocta
537 2561 707 2597 comicus
739 2561 795 2597 ita
825 2574 917 2598 usus
950 2564 1025 2607 est,
1058 2563 1102 2597 ut
1132 2560 1461 2610 Amphitryonem
1491 2562 1657 2612 impera-

160 2629 287 2664 torem
304 2627 577 2664 Thebanorum
611 2641 696 2665 cum
723 2628 902 2666 Telebois
934 2629 1080 2665 bellum
1112 2632 1315 2676 gerentem
1346 2630 1491 2666 faceret
1521 2631 1658 2668 relicta

161 2694 264 2731 domi
295 2695 481 2732 Alcmena
512 2709 634 2733 uxore
666 2710 712 2733 ex
743 2710 782 2733 se
814 2698 890 2733 iam
922 2697 1073 2746 aliquot
1103 2710 1254 2734 menses
1286 2697 1460 2745 gravida.
1522 2698 1657 2735 Victor

159 2761 260 2799 bello
300 2763 474 2800 confecto
515 2763 670 2801 rediens
710 2763 861 2802 Sosiam
899 2778 1054 2802 servum
1096 2765 1255 2802 domum
1296 2778 1382 2802 cum
1420 2767 1560 2803 nuntio
1608 2766 1656 2803 ad

159 2842 318 2867 uxorem
358 2833 562 2880 praemisit.
624 2831 699 2870 Sed
746 2833 835 2869 huic
882 2832 1035 2870 obviam
1076 2831 1119 2869 fit
1156 2833 1376 2870 Mercurius
1408 2833 1511 2870 Iovis
1551 2834 1654 2871 filius

159 2897 342 2948 idemque
373 2899 543 2936 famulus
573 2901 695 2949 ipsius
720 2900 839 2938 Sosiae
871 2901 1038 2938 formam
1069 2913 1219 2948 gerens,
1255 2914 1433 2950 eumque,
1459 2914 1506 2937 nc
1532 2902 1655 2949 patris

1322 2975 1382 3008 15*
