1926 3275
766 312 808 348 V.
835 315 1026 349 317—339.
1569 320 1651 359 383

140 442 216 480 Ad.
244 443 344 480 590:
381 455 529 489 „unum
561 439 798 492 quidquid“.
823 463 880 467 —
913 443 1006 481 325.
1040 451 1216 481 cursura
1246 456 1318 493 pro
1345 456 1461 481 cursu
1485 444 1651 483 Plautus

143 511 300 560 saepius,
327 523 363 547 v.
389 509 492 548 Non.
516 523 556 560 p.
579 511 671 548 198.
699 531 750 535 -—
779 511 873 548 327.
906 507 1040 549 maior
1071 513 1110 548 et
1140 508 1285 559 722277202‘,
1317 515 1434 561 pater
1465 516 1504 549 et
1532 513 1649 560 filius,

142 577 190 616 cf.
222 577 344 616 Merc.
381 578 480 615 111:
527 577 655 626 „Erus
693 581 740 616 ut
777 578 905 616 minor
943 591 1066 628 opera
1095 582 1165 616 tua
1195 576 1419 617 seruetur“.
1451 600 1507 605 —
1538 578 1654 630 apud

140 641 294 694 forum,
326 659 361 683 v.
388 645 438 683 ad
462 645 605 696 Amph.
634 647 726 685 593.
772 646 870 684 Mox
904 643 1017 694 „hic“
1050 647 1092 683 in
1124 647 1209 684 cod.
1235 647 1266 684 B
1296 650 1438 697 postea
1468 644 1649 686 additum

141 717 211 751 est.
242 733 299 738 —
330 710 423 752 Iam
462 711 568 751 scetis
607 714 671 752 est
705 710 824 762 mihi,
866 727 917 752 sc.
957 714 1186 762 verborum3
1233 728 1311 752 non
1351 719 1410 753 est
1447 729 1564 765 opus,
1604 720 1651 754 ut

140 782 257 831 plura
283 781 402 819 dicas.
450 781 543 819 Haec
560 781 737 819 Libanus
769 781 1014 820 iocabundus
1046 782 1123 820 alio
1155 786 1326 832 torquet,
1361 784 1473 833 quasi
1506 783 1651 821 dixerit

140 849 338 888 Leonidas
366 849 439 886 sibi
464 850 561 887 satis
584 849 779 887 bonorum
803 863 898 888 esse.
922 870 979 875 —
1005 851 1098 888 3528.
1134 848 1252 889 diues
1283 852 1461 889 ultimam
1492 852 1649 902 longam

139 917 270 964 habet,
295 931 331 954 v.
353 917 501 955 Mulier
524 931 563 968 p.
583 918 649 955 49.
696 917 853 966 Proleg.
877 931 917 967 p.
947 919 1038 955 196.
1087 918 1161 955 Vix
1194 932 1293 968 opus
1323 920 1648 968 transpositione,

142 999 220 1036 qua
236 985 353 1023 Both.
383 999 448 1033 „es
474 983 625 1032 diues“,
649 984 710 1022 Fl.
741 985 875 1033 „diues
899 980 1064 1023 factu⁷s“
1093 986 1152 1024 ed.
1177 1007 1234 1012 --
1260 989 1353 1025 329.
1379 988 1523 1025 Versus
1546 988 1648 1038 pede

139 1053 311 1100 brevior,
344 1056 389 1090 ut
415 1053 608 1090 excidisse
634 1053 785 1103 aliquid
809 1054 894 1090 veri
919 1054 1045 1091 simile
1071 1055 1133 1092 sit.
1181 1054 1400 1104 Supplendi
1425 1069 1545 1105 opera
1569 1070 1648 1094 non

143 1121 315 1159 difficilis
348 1124 420 1168 est,
447 1121 515 1158 sed
538 1122 700 1159 incerta.
728 1141 783 1145 —
817 1122 910 1159 330.
942 1121 1039 1158 Post
1068 1132 1227 1160 mecum
1256 1122 1386 1160 hiatus
1417 1124 1457 1160 in
1489 1137 1646 1160 caesura.

139 1190 288 1227 Miiller
322 1187 415 1237 „tu“
451 1189 636 1226 addebat.
668 1209 724 1214 —-
754 1185 895 1236 Rea-S,
927 1189 1089 1226 beatum
1121 1204 1182 1227 me
1213 1190 1359 1237 reddis,
1394 1191 1498 1240 quod
1529 1195 1646 1228 taces.

140 1258 347 1296 obiectum
379 1258 567 1295 omissum
599 1260 669 1304 est,
703 1261 748 1294 ut
779 1256 893 1307 capt.
931 1258 1031 1295 137:
1078 1258 1218 1305 „Foris
1335 1290 1342 1296 .
1377 1258 1483 1308 quod
1515 1263 1646 1307 gusto,

138 1326 180 1362 id
210 1322 344 1362 beat“.
405 1325 490 1362 Mil.
525 1326 628 1363 470:
673 1324 824 1373 „Nimis
854 1325 960 1372 beat,
994 1323 1149 1374 quod“;
1182 1326 1345 1364 additur
1375 1326 1517 1377 Amph.
1553 1328 1645 1364 636.

139 1394 228 1431 Ter.
261 1393 363 1431 Eun.
398 1395 491 1430 279.
525 1413 581 1418 ——
615 1394 708 1431 331.
744 1390 884 1431 cesino-5
907 1389 1139 1432 Arcadico-3
1168 1395 1209 1431 in
1233 1393 1385 1431 Graecia
1415 1394 1647 1432 nobilitatos

140 1475 223 1499 esse
253 1464 423 1499 testatur
438 1461 578 1508 Varro,
603 1461 649 1498 R.
676 1446 725 1498 R.
750 1461 798 1508 II,
830 1463 862 1508 1,
894 1463 956 1498 14.
988 1461 1089 1499 Plin.
1108 1461 1156 1499 H.
1174 1462 1221 1499 N.
1239 1462 1344 1508 VIII,
1371 1464 1437 1508 43,
1466 1464 1528 1508 68,
1556 1464 1645 1499 167.

139 1550 195 1554 -
221 1525 403 1577 Pellaeo,
436 1542 483 1566 ex
506 1529 615 1566 Pella
630 1529 885 1566 Macedoniae.
933 1529 1041 1566 Infra
1075 1530 1154 1567 394
1189 1529 1272 1567 cod.
1309 1527 1506 1579 „pelleo“,
1540 1530 1647 1580 quod

141 1598 320 1647 quamvis
350 1597 465 1646 parvi
498 1598 685 1634 momenti
719 1598 787 1644 sit,
821 1597 885 1634 hic
916 1601 1073 1635 secutus
1106 1611 1189 1634 sum
1221 1601 1388 1646 propter
1426 1601 1645 1647 correptam

141 1665 415 1716 penultimam,
450 1665 496 1702 de
528 1678 608 1714 qua
640 1665 720 1702 vid.
752 1665 908 1713 Proleg.
941 1679 978 1715 p.
1015 1667 1108 1703 209.
1170 1665 1253 1701 Hoc
1284 1679 1363 1702 non
1394 1665 1524 1702 ferens
1555 1665 1646 1702 Aci-

141 1733 273 1786 dalius
311 1746 479 1782 eumque
518 1735 642 1770 secuti
681 1733 798 1770 Both.
841 1737 879 1770 et
910 1733 970 1770 Fl.
1011 1736 1364 1782 transposuerunt:
1410 1735 1647 1779 „mercatori

140 1801 314 1838 uendere
352 1800 512 1837 Pellaeo
551 1803 728 1837 nostrum
769 1798 1021 1838 atriensem.“.
1061 1821 1117 1825 —
1158 1801 1250 1837 333.
1284 1796 1366 1837 Em
1407 1800 1587 1837 abfuerat
1627 1815 1647 1837 a

142 1868 227 1906 cod.
261 1869 304 1915 B,
338 1868 465 1906 altera
496 1881 634 1905 manus
666 1868 835 1905 addidit.
890 1865 992 1916 Em,
1028 1878 1143 1917 erqo,
1178 1868 1224 1905 cf.
1256 1867 1361 1904 Poen.
1397 1869 1498 1905 729:
1538 1867 1646 1915 „E1n,

140 1938 262 1974 istaec
315 1936 407 1974 uolo
457 1949 550 1985 ergo
600 1950 671 1973 uos
719 1937 1016 1973 conmeminisse
1063 1933 1236 1973 omnia“.
1299 1935 1404 1972 infra
1452 1936 1545 1972 428.
1592 1956 1647 1959 —

146 2006 241 2042 334.
275 2001 347 2054 qui
376 2001 425 2042 id
454 2005 546 2041 olim
581 2005 845 2041 emendatum.
872 2025 927 2028 —
956 2005 1048 2041 335.
1083 2000 1175 2041 Iam
1208 2000 1503 2040 deuormzdmn.
1550 2003 1649 2040 Tam

141 2072 307 2122 cupidus
338 2071 453 2110 huius
485 2073 585 2109 lucri
617 2076 694 2118 est,
728 2075 771 2108 ut
803 2071 986 2108 videatur
1017 2073 1056 2107 in
1097 2085 1185 2108 eum
1224 2072 1417 2120 impetum
1458 2071 1646 2117 facturus,

143 2153 262 2190 quum
294 2141 466 2190 primum
501 2140 768 2188 conspexerit,
803 2143 840 2175 et
871 2140 1044 2175 ferarum
1076 2139 1194 2177 morlo
1229 2139 1503 2175 devoraturus.
1558 2138 1647 2175 Pes-

141 2209 236 2245 sime
268 2207 471 2246 Acidalius
512 2208 721 2245 obscenum
755 2220 911 2244 sensum
944 2207 1102 2244 subesse
1135 2206 1314 2244 credidit.
1347 2226 1403 2230 —
1439 2208 1530 2243 336.
1567 2203 1652 2243 Sel-,7

144 2276 290 2314 tamen.
346 2275 493 2323 Affert,
528 2275 636 2325 quod
668 2275 741 2311 sibi
774 2274 904 2312 subito
939 2277 977 2312 in
1009 2278 1179 2311 mentem
1211 2274 1339 2320 venit,
1374 2278 1418 2309 ut
1450 2287 1520 2310 nos
1552 2273 1647 2311 dici-

142 2357 226 2380 mus
269 2346 317 2391 »εὶ
354 2341 551 2394 propos“;
592 2343 638 2380 cf.
671 2342 813 2379 Pseud.
853 2344 978 2380 1303:
1031 2341 1172 2389 „Haud
1217 2341 1316 2377 male
1357 2355 1506 2378 mones.
1570 2341 1646 2378 Sed

143 2411 206 2448 (lic
237 2408 409 2449 tamen“.
460 2412 626 2448 Bothius
654 2413 831 2459 ineptam
862 2409 1055 2447 librorum
1089 2411 1323 2459 scripturam
1355 2408 1531 2446 iudicans
1565 2409 1644 2445 e‹l.:

145 2479 233 2527 „Ita
265 2481 485 2526 enimuer03
518 2479 588 2515 sed
618 2481 819 2515 temetum.
881 2477 1031 2527 Nempe
1064 2475 1227 2524 etc.“(!)
1288 2487 1432 2525 Nempe
1463 2477 1648 2513 similiter

140 2547 304 2596 ponitur
334 2546 478 2584 Pseud.
518 2548 624 2583 1107
657 2549 748 2595 post
783 2545 909 2593 „Quid
942 2542 1067 2592 ais‘?“,
1100 2544 1203 2582 Men.
1236 2546 1327 2582 523.
1360 2544 1445 2581 Mil.
1477 2545 1523 2580 1ss
1556 2548 1648 2593 post

145 2612 373 2662 „memini“.
415 2635 471 2639 —
520 2615 612 2651 337.
654 2613 778 2650 Ludit
821 2614 860 2649 in
909 2613 1183 2660 exaggeranda
1228 2613 1384 2649 vilitate
1427 2614 1646 2659 asinorum3

143 2683 239 2731 quin
269 2682 414 2731 pedum
447 2695 525 2718 non
556 2681 682 2718 solum
714 2680 883 2730 ungulas
916 2680 1043 2717 eundo
1076 2680 1243 2717 detritas
1275 2680 1382 2727 (licit,
1416 2680 1484 2717 sed
1517 2681 1648 2716 omnia

142 2762 266 2798 usque
297 2750 346 2786 ad
378 2750 540 2786 femora.
572 2769 629 2774 —
661 2749 754 2785 338
788 2744 881 2796 tibi,
915 2749 955 2785 in
986 2751 1099 2784 tuum
1131 2761 1264 2794 usum,
1298 2748 1439 2796 quibus
1471 2751 1515 2785 tu
1545 2748 1646 2797 ploc-

141 2819 297 2854 tereris.
330 2837 384 2841 —-
419 2818 512 2853 339.
545 2815 804 2853 Maledictum
836 2815 1011 2853 Libanus
1050 2816 1179 2852 statim
1214 2817 1373 2863 regerit.
1438 2812 1543 2852 idem
1574 2828 1646 2863 pro

146 2882 317 2932 „iidem“
346 2885 560 2921 contractis
586 2883 738 2920 duabus
762 2884 901 2933 primis
926 2883 1090 2932 syllabis
1114 2883 1336 2931 legendum,
1357 2886 1395 2919 et
1420 2896 1494 2919 una
1521 2882 1645 2919 vocali
