1926 3275
269 343 320 379 833
954 332 1075 366 Plauti
1538 329 1564 371 I,
1582 331 1610 371 l,
1627 330 1761 363 32—47

839 459 1191 499 Demaenetus

1140 528 1290 569 Redde
1322 540 1498 580 operam
1528 525 1644 567 mihi.
1717 532 1762 565 45

326 605 412 646 Cur
442 604 523 645 hoc
556 618 632 656 ego
666 618 717 644 ex
747 607 791 644 te
823 616 1042 656 quaeram,
1075 605 1151 641 aut
1183 614 1259 641 cur
1289 599 1464 640 miniter
1494 598 1587 650 tibi,

323 677 562 729 Propterea
593 675 708 727 quod
738 688 804 715 me
836 688 922 714 non
954 673 1162 714 scientem
1192 671 1379 712 feceris?

324 749 411 789 Aut
442 762 517 788 cur
549 751 768 800 postremo
800 745 887 786 filio
921 758 1208 795 suscenseam,

323 819 475 860 Patres
507 823 554 860 ut
584 818 750 859 faciunt
782 817 946 858 ceteri?

898 888 1131 929 Libanus

961 960 1073 1009 Quid
1102 960 1216 1000 istuc
1245 957 1418 999 nouist‘?

323 1033 522 1074 Demiror
555 1033 657 1086 quid
690 1033 756 1083 sit,
789 1036 833 1072 et
864 1046 947 1084 quo
981 1031 1141 1072 euadat
1174 1045 1268 1071 sum
1297 1030 1342 1070 in
1372 1032 1503 1069 metu.
1720 1028 1765 1061 50

840 1102 1193 1144 Demaenetus

323 1175 537 1229 Equidem
568 1176 654 1216 scio
686 1175 772 1215 iam
802 1174 914 1215 filius
947 1174 1062 1228 quod
1095 1178 1211 1215 amet
1241 1188 1362 1215 meus

323 1248 469 1288 Istanc
500 1247 770 1288 meretricem
802 1262 823 1287 e
856 1261 1064 1300 proxumo
1096 1246 1380 1287 Philaenium.

323 1319 455 1360 Estne
487 1319 569 1360 hoc
600 1324 647 1359 ut
679 1318 786 1369 dico,
817 1318 1012 1359 Libane?

896 1390 1130 1430 Libanus

1029 1461 1210 1501 Rectam
1240 1462 1378 1501 instas
1409 1461 1544 1512 uiam3

322 1534 387 1574 Ea
416 1548 485 1574 res
518 1538 601 1584 est3
633 1533 707 1574 sed
739 1548 836 1574 eum
867 1533 1042 1573 morbus
1073 1533 1234 1573 inuasit
1265 1533 1423 1585 grauis.

835 1605 1194 1646 Demaenetus

324 1677 434 1726 Quid
465 1677 677 1718 morbist‘?

897 1742 1131 1788 Libanus

690 1820 800 1869 Quia
830 1833 915 1859 non
948 1823 1187 1873 suppetunt
1218 1819 1346 1860 dictis
1379 1819 1492 1859 data.
1721 1820 1764 1853 55

835 1890 1192 1931 Demaenetus

325 1961 442 2002 Tune
475 1976 519 2002 es
551 1963 722 2003 adiutor
754 1976 867 2003 nunc
898 1963 1062 2002 amanti
1093 1961 1210 2002 filio?

902 2033 1132 2074 Libanus

328 2104 429 2145 Sum
459 2118 575 2154 uero,
609 2108 652 2145 et
683 2104 795 2145 alter
825 2108 974 2145 noster
1005 2108 1070 2145 est
1100 2104 1304 2145 Leonida.

841 2176 1192 2216 Demaenetus

327 2246 443 2287 Bene
469 2245 618 2286 hercle
650 2245 807 2296 facitis,
842 2250 886 2286 et
917 2261 942 2286 a
973 2261 1039 2287 me
1070 2247 1189 2287 initis
1221 2247 1418 2298 gratiam.

327 2317 486 2358 Uerum
517 2332 655 2357 meam
686 2331 875 2368 uxorem,
906 2319 1082 2369 Libane,
1114 2318 1254 2359 nescis
1287 2318 1427 2371 qualis
1461 2318 1528 2360 sit.

900 2390 1134 2431 Libanus

328 2459 391 2500 Tu
423 2460 585 2511 primus
619 2460 772 2511 sentis3
802 2474 881 2501 nos
912 2465 1059 2502 tamen
1090 2461 1134 2502 in
1164 2462 1304 2514 pretio
1337 2476 1497 2504 sumus.
1721 2463 1766 2496 60

842 2531 1196 2573 Demaenetus

330 2600 486 2641 Fateor
517 2614 611 2640 eam
643 2616 733 2641 esse
766 2602 1043 2655 inportunam
1073 2608 1205 2656 atque
1236 2604 1564 2646 incommodam.

362 2725 454 2760 Post
477 2737 506 2759 v.
535 2728 600 2760 46.-

476 2781 568 2823 Quid
594 2783 692 2816 istud
718 2787 772 2817 est
799 2787 860 2817 aut
886 2785 946 2817 ubi
972 2785 1066 2818 istuc
1093 2786 1139 2819 sit
1163 2797 1305 2829 nequeo
1329 2786 1507 2821 noscere?

475 2837 548 2872 Ubi
573 2838 663 2872 flent
688 2851 843 2882 nequam
868 2840 1035 2874 homines
1061 2842 1122 2885 qui
1148 2843 1336 2885 polentam
1360 2843 1552 2887 pinsitant.

274 2895 317 2927 50
341 2895 471 2938 leyc'tm·
495 2900 582 2938 post
607 2897 667 2928 82.
764 2898 806 2930 53
832 2897 973 2930 instans
1065 2897 1158 2932 Post
1180 2909 1210 2932 v.
1239 2901 1287 2933 54
1319 2900 1450 2943 ἱερέων
1474 2901 1529 2933 41.
1626 2900 1670 2933 59
1695 2899 1764 2933 siet
