1926 3275
800 286 841 320 V.
867 287 989 320 5—17.
1562 291 1642 330 235

262 416 324 452 17.
359 412 508 463 quoius
539 412 657 452 iet-ssu
688 413 811 453 uenio
842 416 883 453 et
913 426 1035 464 quam
1067 412 1113 453 ob
1148 426 1236 453 rem
1272 414 1470 454 venerim.
1533 417 1643 467 Saepe

145 495 168 519 a
197 483 464 530 grammaticis
496 483 808 528 animadversum
841 487 916 531 est,
949 485 1284 532 interrogationes
1323 484 1502 534 obliquas
1539 486 1645 535 apud

142 551 294 598 priscos
325 551 536 600 scriptores
555 551 720 589 Latinos
744 556 825 589 tam
849 552 1065 589 indicativo
1097 566 1214 601 quam
1247 554 1495 590 coniunctivo
1527 554 1644 590 modo

143 618 248 667 poni.
297 618 382 664 Qua
411 619 452 655 in
483 632 525 655 re
558 633 679 668 quum
711 621 794 657 sine
826 621 912 668 lege
942 622 1089 657 variari
1113 634 1254 669 parum
1279 622 1363 657 veri
1389 622 1513 658 simile
1535 621 1644 658 vide-

142 689 272 732 retur,
314 699 441 737 nuper
477 688 553 723 viri
591 687 699 724 docti
736 688 969 725 certioribus
1000 688 1154 736 legibus
1185 689 1389 725 modorum
1421 703 1534 726 usum
1565 693 1640 726 ter-

143 754 294 791 minare
327 756 455 792 conati
486 759 588 802 sunt,
621 757 791 792 maximo
822 755 1051 793 Fuhrmann
1082 758 1122 792 in
1159 756 1429 802 „Jahrbiicher
1459 757 1523 794 fiir
1553 757 1644 794 Phi-

142 822 288 870 lologie
321 822 395 869 CV,
428 836 465 872 p.
502 825 580 860 809
614 837 698 873 sqq.
733 828 771 862 et
798 825 842 861 E.
869 824 1020 861 Becker
1050 826 1091 861 in
1124 824 1384 861 Studeniundi
1416 825 1564 862 Studiis
1596 825 1646 862 ad

141 891 292 939 priscos
325 892 539 940 scriptores
556 891 720 928 Latinos
745 893 774 938 Ι,
800 906 837 941 p.
868 893 945 929 117
972 906 1070 942 sqq.7
1103 892 1296 929 laudabili
1320 896 1487 942 uterque
1514 893 1645 930 studio

143 961 182 994 et
206 957 432 1005 diligentia3
466 958 536 995 sed
568 963 809 997 constantem
840 961 960 997 fuisse
990 962 1031 996 in
1061 960 1132 996 hac
1156 974 1197 997 re
1215 961 1347 998 Plauti
1373 964 1410 997 et
1434 961 1645 1010 aequalium

142 1039 256 1063 usum
293 1028 424 1063 neutri
464 1027 635 1076 probare
674 1029 852 1077 contigit.
914 1028 1014 1064 Nam
1046 1032 1090 1064 ut
1121 1029 1301 1065 omittam
1344 1031 1497 1075 ..nescio
1529 1028 1640 1078 quis*

145 1097 184 1131 et
215 1094 375 1141 similia,
415 1109 451 1132 v.
486 1097 580 1133 823.
614 1096 716 1142 420,
759 1096 827 1132 ubi
866 1096 1030 1133 verbum
1070 1110 1156 1133 cum
1193 1097 1465 1145 interrogandi
1502 1110 1645 1145 prono-

142 1163 246 1199 mine
286 1163 535 1200 coniunctum
573 1177 652 1200 non
681 1167 763 1200 tam
794 1165 1029 1201 sententiam
1061 1165 1226 1202 alteram
1266 1167 1368 1214 regit
1406 1179 1521 1214 quam
1562 1166 1645 1202 eius

141 1243 234 1280 pars
273 1230 336 1277 fit,
377 1231 491 1267 facile
529 1232 770 1281 intelligitur
814 1233 1073 1269 indicativum
1120 1234 1233 1282 poni,
1274 1233 1341 1270 ubi
1380 1233 1506 1269 laxius
1556 1246 1645 1269 con-

142 1299 288 1335 iunctis
328 1300 517 1348 primaria
557 1304 595 1336 et
634 1300 865 1337 secundaria
895 1302 1100 1337 sententiis
1131 1303 1263 1350 potius
1294 1302 1496 1351 parataxis
1528 1315 1644 1350 quam

142 1366 350 1415 hypotaxis
374 1365 458 1414 fiat,
486 1371 530 1404 ut
555 1382 591 1405 v.
619 1369 698 1405 848
725 1382 781 1418 sq.
820 1369 906 1415 „dic
936 1369 1032 1406 mihi
1057 1383 1194 1406 verum
1219 1370 1341 1407 serio:
1374 1369 1521 1418 Ecquis
1546 1369 1645 1406 alius

143 1433 256 1471 Sosia
285 1433 480 1482 intust?“,
516 1437 818 1483 coniunctivum‚
851 1437 919 1474 ubi
951 1439 1075 1474 artius
1108 1438 1397 1485 coniungantur
1424 1439 1643 1484 sententiae,

142 1496 250 1539 velut
281 1503 349 1540 ubi
381 1504 599 1541 subiectum
631 1506 835 1542 sententiae
875 1506 1115 1542 secundariae
1147 1503 1189 1542 in
1221 1505 1417 1543 obiectum
1447 1506 1645 1555 primariae

142 1574 335 1618 mutetur,
381 1572 427 1610 cf.
459 1572 570 1610 Asin.
609 1573 673 1610 27.
715 1573 855 1611 Bacch.
891 1575 990 1611 550:
1043 1573 1129 1620 „dic
1174 1573 1289 1610 modo
1334 1574 1532 1611 hominem
1579 1574 1646 1623 qui

145 1636 242 1685 sit“;
276 1653 442 1688 quarum
479 1642 679 1678 rationum
719 1645 848 1678 utram
881 1642 1066 1692 praeferat
1098 1642 1279 1691 scriptor,
1313 1643 1544 1692 plerumque
1575 1655 1644 1691 pa-

144 1719 231 1743 rum
262 1708 396 1745 refert.
458 1708 541 1746 Hoc
583 1723 738 1759 quoque
776 1713 883 1746 recte
923 1710 1238 1746 animadversum
1276 1710 1454 1756 videtur,
1488 1711 1528 1745 in
1558 1723 1644 1746 sen-

145 1775 283 1812 tentiis
329 1777 539 1823 eiusmodi,
589 1778 721 1826 quales
761 1781 850 1814 sunt
888 1778 999 1815 Asin.
1035 1779 1134 1814 875:
1187 1778 1344 1823 „Audin
1391 1777 1487 1827 quid
1533 1775 1640 1814 ait‘?“

144 1842 248 1880 Men.
284 1844 384 1881 904:
437 1845 594 1890 „Audin
631 1849 692 1892 tu,
732 1850 776 1883 ut
815 1846 1072 1883 deliramenta
1103 1844 1334 1895 loquitur‘?“
1398 1846 1507 1883 Asin.
1545 1847 1642 1882 148:

150 1911 293 1957 „uiden
330 1916 375 1948 ut
412 1926 460 1949 ne
499 1913 538 1950 id
579 1914 737 1963 quidem
777 1928 837 1950 me
870 1914 1032 1963 dignum
1064 1927 1147 1951 esse
1179 1913 1430 1950 existimat‘T'
1475 1914 1538 1960 al„
1578 1913 1644 1950 ubi

145 1979 405 2027 interrogatio
459 1981 747 2019 adhortationis
792 1983 871 2019 vim
918 1982 1081 2028 habeat,
1130 1983 1423 2031 antiquissimos
1470 1995 1644 2030 quosque

144 2047 402 2085 indicativum
443 2062 590 2098 ponere
632 2051 774 2096 solere,
808 2051 876 2087 ubi
907 2063 999 2087 vera
1029 2051 1289 2097 interrogatio
1321 2051 1391 2096 sit,
1427 2051 1644 2087 coniuncti-

144 2128 233 2152 vum
273 2116 493 2165 legitimum
533 2131 635 2165 esse,
675 2122 719 2155 ut
750 2118 839 2155 Ter.
872 2118 966 2155 Hec.
1001 2119 1071 2155 76:
1124 2117 1281 2164 „Audin
1327 2117 1421 2166 quid
1461 2116 1639 2154 dicam‘?“

143 2182 253 2221 Asin.
289 2185 388 2221 696:
441 2186 547 2231 „scin
579 2190 622 2222 ut
655 2185 833 2223 (licam?‘'
898 2186 1004 2223 Men.
1039 2187 1140 2223 299:
1193 2186 1306 2231 ..Non
1344 2186 1417 2222 scis
1456 2186 1542 2234 quis
1574 2198 1644 2234 ego

145 2250 267 2288 sim?“
332 2252 449 2290 Most.
486 2255 556 2290 55:
609 2254 708 2300 „Qui
741 2255 834 2300 scis,
869 2268 918 2291 an
949 2254 1023 2290 tibi
1054 2255 1156 2291 istuc
1197 2255 1353 2291 eueniat
1383 2254 1494 2303 prius
1526 2267 1644 2302 quam

143 2318 290 2357 mihi‘?“
355 2320 431 2358 Sed
462 2323 579 2358 etiam
613 2322 718 2359 Men.
753 2322 855 2359 204:
909 2321 1022 2368 „Scin
1055 2322 1150 2371 quid
1180 2320 1325 2358 1101οῬιι
1389 2320 1546 2358 Etenim
1576 2321 1644 2357 ubi

145 2388 337 2425 sentiendi
384 2389 501 2426 alicui
546 2390 666 2426 verbo
714 2391 958 2427 enuntiatum
1006 2390 1053 2427 ab
1100 2390 1410 2438 interrogatione
1451 2389 1644 2438 incipiens

144 2469 217 2505 pro
259 2456 414 2493 obiecto
456 2456 704 2506 adiungitur,
753 2472 831 2495 non
876 2471 966 2494 raro
1012 2457 1248 2494 indicativus
1285 2457 1450 2506 ponitur
1488 2458 1560 2501 ita,
1601 2461 1644 2493 ut

144 2524 243 2561 nihil
275 2525 431 2561 omnino
465 2525 620 2562 differat
653 2540 675 2562 a
707 2527 968 2563 coniunctivo.
1017 2524 1095 2561 Nec
1126 2526 1251 2562 solum
1283 2525 1429 2561 dicitur
1454 2525 1542 2561 Aul.
1569 2525 1641 2561 47:

150 2591 291 2638 „Vide,
332 2596 378 2628 ut
418 2592 608 2630 inccdit!²⁴
653 2598 691 2630 et
731 2594 895 2640 similia,
937 2606 1022 2643 quae
1062 2593 1228 2630 forsitan
1268 2593 1410 2641 aliquis
1448 2592 1496 2628 ad
1528 2606 1643 2641 para-

144 2661 327 2697 tacticam
373 2662 567 2698 rationem
613 2662 777 2709 referat3
824 2662 892 2699 sed
931 2663 1048 2699 etiam
1086 2661 1229 2710 Amph.
1264 2662 1363 2698 356:
1417 2660 1538 2706 „Vide
1578 2662 1641 2707 sis,

146 2741 263 2777 quam
307 2741 397 2765 mox
442 2730 633 2778 uapulnrc
679 2729 780 2767 uis“.
842 2729 960 2767 Stich.
995 2730 1095 2766 411:
1149 2729 1312 2775 „Videte
1354 2741 1505 2777 quaeso,
1548 2728 1643 2777 quid

146 2800 279 2845 potest
319 2797 524 2846 pecunia&
586 2797 678 2842 Quae
724 2799 756 2834 si
802 2799 1090 2847 comparaveris
1131 2811 1218 2834 cum
1257 2797 1343 2833 Ter.
1383 2796 1505 2833 Andr.
1539 2797 1640 2833 825:

151 2864 271 2909 „Vide
318 2879 433 2914 quam
480 2867 636 2914 iniquos
681 2864 771 2902 sis“.
834 2866 962 2903 l’laut.
1002 2865 1122 2902 Mero.
1161 2867 1258 2902 102:
1312 2864 1483 2911 „videte7
1528 2877 1641 2911 quam
