1926 3275
662 997 1103 1051 PROLOGUS.

729 1136 1038 1178 Mercurius.

184 1225 246 1267 Ut
274 1239 352 1266 uos
383 1225 427 1266 in
456 1225 618 1266 uostris
648 1224 781 1266 uoltis
811 1224 1106 1266 mercimoniis

185 1297 394 1338 Emundis
425 1297 757 1350 uendundisque
788 1311 855 1337 me
886 1297 1051 1338 laetum
1080 1297 1213 1338 lucris

185 1369 382 1411 Adfieere
413 1373 544 1423 atque
576 1369 784 1410 adiuuare
815 1369 860 1410 in
891 1369 1021 1410 rebus
1053 1369 1265 1421 omnibus,

185 1441 242 1482 Et
271 1445 321 1482 ut
349 1456 419 1483 res
450 1442 730 1496 rationesque
761 1445 1011 1482 uestrorum
1042 1441 1232 1482 omnium

185 1513 303 1555 Bene
333 1528 397 1555 me
429 1513 631 1567 expedire
662 1513 795 1554 uoltis
826 1514 1084 1568 peregrique
1117 1517 1160 1554 et
1196 1513 1311 1554 domi

185 1584 396 1638 Bonoque
428 1590 559 1638 atque
591 1585 735 1638 amplo
768 1590 947 1626 auctare
978 1589 1188 1638 perpetuo
1220 1585 1342 1626 lucro

187 1657 390 1710 Quasque
420 1658 646 1710 incepistis
678 1671 748 1698 res
781 1671 977 1711 quasque
1007 1656 1302 1709 inceptabitis‚

186 1729 244 1770 Et
273 1730 336 1770 uti
367 1729 492 1771 bonis
524 1743 601 1770 uos
633 1732 893 1783 nostrosque
926 1728 1063 1770 omnis
1094 1728 1258 1768 nuntiis

186 1801 255 1843 Me
288 1800 476 1843 adficere
508 1800 651 1851 uoltis,
685 1814 737 1841 ea
768 1805 815 1842 ut
845 1800 1051 1851 adferam,
1086 1814 1138 1841 ea
1168 1804 1215 1840 ut
1245 1799 1452 1851 nuntiem,

188 1873 307 1923 Quae
339 1888 537 1914 maxume
569 1873 613 1914 in
644 1887 735 1914 rem
764 1877 961 1914 uostram
994 1886 1263 1913 communem
1295 1871 1408 1912 sient
1437 1894 1492 1899 ——

187 1945 297 1986 Nam
328 1959 406 1986 uos
438 1945 611 1998 quidem
642 1945 686 1986 id
717 1945 805 1986 iam
837 1945 957 1986 scitis
990 1958 1245 1986 eoncessum
1277 1947 1320 1984 et
1351 1943 1501 1984 datum

187 2017 294 2058 Mihi
325 2031 419 2059 esse
451 2017 505 2059 ab
539 2017 603 2059 dis
636 2017 746 2068 aliis,
777 2017 940 2058 nuntiis
972 2016 1163 2070 praesim
1194 2020 1237 2057 et
1267 2016 1389 2057 lucro
1421 2038 1475 2043 —

187 2089 308 2130 Haeo
338 2093 387 2130 ut
416 2104 482 2131 me
515 2089 645 2131 uoltis
677 2089 934 2142 adprobare,
969 2088 1168 2139 adnitier‚

186 2161 374 2202 Lucrum
404 2166 452 2201 ut
483 2175 671 2214 perenne
703 2161 828 2202 uobis
860 2175 1031 2214 semper
1062 2163 1280 2213 suppetat,

186 2233 256 2274 Ita
285 2232 385 2273 huie
417 2232 589 2274 facietis
620 2232 796 2274 fabulae
829 2233 1061 2283 silentium,

188 2304 342 2358 Itaque
375 2305 503 2358 aequi
535 2309 578 2346 et
608 2305 711 2345 iusti
742 2304 813 2345 hie
845 2305 968 2345 eritis
1001 2317 1149 2345 omnes
1182 2302 1348 2344 arbitri.

188 2377 313 2418 Nunc
345 2377 498 2429 quoius
530 2377 649 2418 iussu
679 2377 805 2418 uenio
838 2381 882 2417 et
913 2390 1043 2429 quam
1075 2376 1128 2416 ob
1159 2389 1250 2416 rem
1280 2373 1484 2424 uenerim,

189 2449 353 2498 Dicam,
387 2448 598 2501 simulque
629 2449 721 2502 ipse
753 2448 934 2501 eloquar
964 2461 1120 2488 nomen
1147 2459 1299 2487 meum.

190 2519 306 2561 Iouis
338 2521 458 2561 iussu
488 2520 636 2571 ueni03
668 2534 824 2561 nomen
856 2519 1117 2561 Mercuriost
1147 2517 1262 2558 mihi.

189 2591 320 2632 Pater
351 2591 435 2632 huc
467 2605 533 2633 me
564 2592 681 2632 misit
712 2592 767 2633 ad
798 2606 875 2633 uos
908 2595 1078 2632 oratum
1110 2603 1243 2639 meus,

191 2663 381 2704 Tametsi
414 2677 492 2717 pro
523 2663 702 2716 imperio
733 2663 857 2704 uobis
890 2662 1005 2715 quod
1036 2661 1200 2703 dietum
1229 2659 1343 2701 foret

191 2734 342 2777 Scibat
371 2733 578 2786 facturos,
610 2735 769 2789 quippe
801 2735 874 2789 qui
905 2734 1182 2775 intellexerat

283 2890 303 2921 5
329 2900 386 2921 me
411 2898 475 2922 om.
549 2889 570 2921 9
595 2899 637 2921 ea
661 2888 822 2921 adferam
896 2888 936 2920 19
960 2886 1131 2920 Mercurii
1158 2891 1211 2918 est

1624 1874 1665 1906 lO

1624 2230 1664 2264 15

1620 2589 1664 2622 20
