1926 3275
255 286 273 323 1
282 286 333 324 66
860 281 1137 324 Prolegomena.

365 411 553 448 Varronis
577 411 735 460 quidem
761 413 799 447 et
818 410 1019 447 Ciceronis
1043 412 1220 459 tempore
1242 408 1324 446 haec
1354 408 1577 446 fabularum
1607 408 1748 447 divisio

251 480 369 529 vulgo
403 483 561 529 recepta
592 482 687 525 erat,
721 482 760 515 et
791 477 1089 515 similitudinem
1113 477 1204 513 inde
1230 476 1388 514 ductam
1419 478 1540 514 etiam
1572 477 1624 514 ad
1653 477 1750 514 alias

251 562 315 585 res
345 548 562 585 transferre
593 547 781 593 solebant,
814 546 921 583 velut
954 545 1088 582 Cicero
1121 542 1214 582 Cat(
1235 546 1324 582 mai.
1359 547 1395 592 2,
1431 547 1473 582 5:
1511 548 1751 592 „extremum

253 619 383 653 actum
405 619 606 664 tamquam
630 615 677 652 ab
703 615 819 651 inerti
842 617 958 664 poeta
990 627 1074 650 esse
1104 611 1366 663 neglectum“.
1412 614 1475 660 19,
1496 614 1568 650 70:
1598 626 1750 662 „neque

253 685 353 721 enim
387 684 589 730 histrioni,
621 686 666 720 ut
694 683 868 733 placeat,
901 681 1127 731 peragenda
1164 682 1298 718 fabula
1328 684 1402 729 est,
1434 681 1550 719 modo
1582 683 1624 718 111
1654 694 1749 730 quo-

253 765 418 801 cumque
462 752 583 788 fuerit
622 754 712 788 actu
751 750 960 801 probetur,
1000 763 1072 787 nec
1111 751 1280 799 sapienti
1316 763 1442 799 usque
1481 750 1530 786 ad
1567 749 1751 787 Plaudite

252 820 487 858 veniendum
519 817 618 856 est“.
667 818 731 856 Or.
757 832 796 868 p.
814 818 1005 855 Marcello
1033 819 1068 864 9,
1089 819 1160 855 27:
1199 818 1314 864 „Haec
1345 819 1468 867 igitur
1496 817 1569 855 tibi
1599 818 1752 868 reliqua

252 902 344 939 pars
384 891 461 934 est,
501 888 563 924 hic
601 890 726 924 restat
764 890 893 932 actus,
939 887 980 923 111
1024 886 1098 923 hoc
1143 885 1423 923 elaborandum
1468 889 1545 933 est,
1585 889 1629 923 ut
1666 899 1750 923 rem

252 957 450 1007 publicam
482 953 739 993 constituas“.
790 954 960 992 Lucceio
995 958 1125 992 autem
1157 967 1277 1003 quum
1306 954 1545 1004 persuadere
1576 956 1750 1004 cuperet,

253 1028 297 1062 ut
329 1024 555 1061 consulatus
587 1025 647 1060 sui
676 1024 883 1060 historiam
923 1024 1136 1072 separatim
1175 1023 1381 1070 scriberet,
1413 1023 1487 1072 Ep.
1520 1023 1565 1070 V,
1601 1023 1671 1069 12,
1707 1023 1750 1059 6:

258 1090 494 1139 „Sece1·nas“
543 1093 673 1141 inquit
723 1092 844 1138 „hanc
890 1091 1004 1140 quasi
1047 1090 1223 1128 fabulam
1270 1105 1402 1129 rerum
1443 1093 1752 1140 eventorumque

253 1164 491 1207 nostrorum,
524 1160 643 1197 habet
675 1161 777 1197 enim
808 1160 938 1197 varios
962 1163 1073 1197 actus
1098 1161 1412 1209 mutationesque
1436 1163 1476 1197 et
1500 1159 1753 1196 consiliorum

254 1233 293 1267 et
321 1227 583 1279 teinporum“.
637 1228 747 1265 Verr.
780 1228 835 1275 II,
871 1228 914 1274 6,
952 1229 1021 1265 18:
1061 1228 1241 1275 „Etenim
1273 1230 1360 1278 quis
1393 1228 1574 1265 dubitare
1603 1229 1750 1278 posset,

255 1311 375 1348 quum
405 1298 518 1334 istius
549 1298 590 1334 in
621 1300 822 1346 quaestura
853 1296 987 1344 fugam
1020 1299 1058 1333 et
1095 1297 1244 1334 furtum
1281 1298 1597 1346 recognosceret,
1631 1308 1752 1345 quum

253 1367 294 1403 in
324 1367 519 1415 legatione
551 1365 787 1415 oppidorum
817 1365 1078 1415 fanorumque
1109 1366 1362 1416 spoliationes
1395 1366 1599 1413 cogitaret,
1632 1377 1753 1414 quum

253 1435 409 1473 videret
445 1435 485 1471 in
522 1434 606 1471 foro
644 1433 852 1471 latrocinia
888 1437 1090 1484 praeturae,
1133 1434 1260 1483 qualis
1296 1434 1373 1470 iste
1409 1434 1451 1470 in
1489 1435 1631 1482 quarto
1662 1435 1753 1470 actu

253 1503 523 1553 improbitatis
553 1502 711 1539 futurus
744 1500 886 1539 esset“.
942 1502 1016 1551 Ep.
1050 1502 1100 1539 ad
1127 1502 1314 1548 Quintum
1340 1501 1369 1549 I,
1406 1503 1440 1548 l,
1477 1502 1538 1548 16,
1573 1501 1646 1538 46:
1685 1502 1754 1548 „ut

254 1572 316 1608 hic
346 1571 488 1608 tertius
518 1583 643 1607 annus
675 1571 831 1620 imperii
861 1571 921 1608 tui
950 1574 1152 1620 tamquam
1189 1571 1331 1607 tertius
1370 1572 1477 1607 actus
1513 1569 1753 1620 perfectissi-

254 1653 338 1676 mus
370 1642 487 1688 atque
519 1639 789 1676 ornatissimus
828 1639 948 1676 fuisse
985 1636 1208 1676 videatur“.
1269 1638 1395 1676 Varro
1429 1641 1561 1675 autem
1590 1639 1633 1675 in
1661 1650 1753 1687 par-

254 1708 361 1745 tibus
400 1709 482 1745 sive
521 1707 718 1756 capitibus
757 1707 1072 1757 disputationum
1112 1706 1379 1755 significandis
1417 1706 1555 1743 eadem
1586 1706 1754 1755 imagine

254 1777 396 1813 utitur.
458 1775 519 1813 Sic
559 1789 678 1825 quum
709 1776 749 1812 in
779 1776 907 1826 primo
941 1776 987 1813 de
1017 1789 1059 1812 re
1090 1776 1240 1812 rustica
1270 1774 1372 1812 libro
1408 1772 1509 1824 (cap.
1545 1772 1585 1822 5)
1620 1773 1755 1812 Scrofa

256 1848 443 1892 quattuor
483 1844 734 1891 agriculturae
775 1847 908 1892 partes
952 1844 1128 1890 fecisset,
1167 1846 1310 1893 postea
1349 1840 1451 1893 (cap.
1485 1840 1555 1890 26)
1594 1842 1752 1890 Agrius,

257 1913 318 1949 cui
348 1913 503 1961 longior
533 1913 659 1949 oratio
693 1911 904 1949 videbatur
938 1910 1133 1957 „Vereor“
1168 1912 1298 1960 inquit
1334 1924 1406 1957 „ne
1439 1913 1530 1947 ante
1561 1910 1754 1947 aeditimus

255 1981 389 2018 veniat
426 1980 520 2027 huc,
564 1993 681 2030 quam
720 1980 783 2016 hio
822 1979 871 2016 ad
911 1983 1095 2028 quartum
1127 1977 1298 2017 actuin“.
1359 1978 1460 2015 Ibid.
1491 1978 1549 2025 II,
1586 1979 1635 2015 10
1667 1979 1752 2016 init.

261 2048 493 2097 „Reliquum
533 2050 635 2085 enim
672 2049 712 2084 in
742 2048 815 2084 hoc
847 2050 955 2094 actu,
989 2051 1086 2096 quot
1117 2051 1155 2084 et
1187 2047 1292 2097 quod
1323 2059 1446 2095 genus
1477 2047 1555 2083 sint
1584 2045 1755 2083 habendi

256 2115 479 2165 pastores“.
540 2116 617 2163 III,
654 2117 700 2153 11
737 2119 834 2152 extr.
872 2115 1008 2161 „Quod
1041 2115 1091 2152 ad
1121 2115 1386 2152 villaticarum
1415 2115 1643 2164 pastionum
1673 2114 1753 2163 pri-

256 2197 362 2221 mum
393 2188 523 2221 actum
553 2185 753 2233 pertinere
785 2197 870 2220 sum
902 2187 1021 2230 ratus,
1055 2182 1177 2219 dixi‘·.

371 2252 588 2302 Scripserat
617 2252 671 2289 M.
706 2252 832 2288 Varro
872 2252 919 2289 de
959 2252 1184 2289 actionibus
1222 2251 1383 2288 scenicis
1413 2250 1555 2297 libros,
1589 2262 1754 2299 quorum

258 2321 436 2369 quintum
466 2320 603 2357 laudat
634 2320 831 2357 Charisius
862 2334 899 2369 p.
934 2322 984 2357 95
1017 2320 1085 2365 K.,
1126 2324 1207 2357 tres
1245 2319 1350 2357 solos
1380 2318 1611 2367 Hieronymi
1649 2321 1753 2355 cata-

258 2389 366 2436 logus
398 2389 585 2437 agnoscit.
627 2389 687 2425 Ibi
719 2390 822 2426 enim
854 2389 907 2424 sic
938 2388 1099 2436 legitur:
1139 2388 1210 2435 „de
1242 2388 1463 2426 actionibus
1490 2386 1652 2424 scenicis
1675 2386 1753 2432 1113

259 2455 306 2492 (le
339 2457 432 2493 actis
457 2457 616 2493 scenicis
641 2455 738 2493 111²&
786 2457 935 2493 Horum
965 2456 1161 2506 posterius
1193 2459 1261 2494 aut
1291 2457 1403 2494 malae
1437 2454 1754 2493 antecedentium

259 2525 485 2572 repetitioni
519 2522 830 2574 (dittographiae)
863 2524 1040 2571 debetur,
1076 2528 1144 2561 aut
1174 2538 1247 2573 pro
1279 2522 1385 2562 ccctis
1415 2523 1664 2562 scribendum
1695 2523 1755 2559 est

260 2588 430 2636 acubus,
464 2592 569 2640 quod
593 2592 807 2630 Ritschelio
839 2593 1001 2642 placuit.
1050 2592 1162 2639 Quod
1193 2594 1223 2629 si
1249 2593 1374 2630 Varro
1407 2606 1449 2630 re
1479 2604 1574 2629 vera
1602 2593 1754 2628 tantum

260 2671 355 2707 opus
395 2658 442 2694 (le
480 2663 560 2695 tam
601 2661 741 2707 exigua
779 2674 820 2697 re
859 2662 1079 2710 scripserit,
1112 2662 1212 2707 haec,
1246 2661 1321 2697 nisi
1351 2660 1488 2706 fallor,
1522 2672 1637 2696 causa
1666 2658 1751 2705 fuit,

261 2726 366 2775 quod
397 2739 472 2762 non
504 2727 598 2763 satis
628 2727 768 2764 habuit
798 2729 923 2777 legem
953 2729 1062 2765 illam
1093 2730 1375 2778 pronuntiare,
1409 2731 1454 2765 ut
1483 2729 1752 2776 argumentum

260 2794 401 2830 fabulae
441 2795 612 2843 quinque
653 2796 803 2832 actibus
840 2796 1118 2845 explicaretur,
1153 2797 1221 2833 scd
1253 2797 1369 2833 etiam
1400 2796 1583 2844 antiquos
1613 2797 1752 2843 poetas

261 2875 347 2898 cam
392 2865 546 2898 secutos
593 2875 675 2899 csse
722 2862 936 2900 arbitratus
983 2867 1062 2909 est,
1110 2864 1344 2914 fabulasque
1389 2876 1522 2900 eorum
1575 2863 1754 2911 quamvis
