1926 3275
257 318 337 356 21ss
864 311 1140 353 Prolegomena.

255 445 296 480 in
326 456 446 480 unum
477 441 713 479 vocabulum
754 439 986 477 contrahere
1025 439 1172 484 solent,
1206 450 1282 486 quo
1313 451 1393 474 non
1424 449 1521 485 opus
1552 440 1628 483 est,
1660 449 1752 473 nam

257 513 375 548 etiam
408 510 574 560 simplex
611 507 736 555 „iam‘'
773 507 1029 555 dissyllabum
1060 519 1143 543 esse
1174 508 1316 554 potest.

371 578 520 626 Saepius
551 579 668 614 etiam
698 574 715 612 i
746 576 909 612 alteram
948 574 1120 611 vocalem
1159 586 1326 622 sequens
1358 586 1443 609 cum
1476 586 1520 610 ea
1552 573 1751 622 coniungi-

255 650 333 683 tur.
381 646 441 683 Sic
474 643 551 691 (tis,
585 642 647 682 αίΐ
674 642 947 691 monosyllaba
978 641 1088 688 fiunt,
1122 639 1270 687 (cibam,
1300 637 1416 678 aibas
1441 644 1513 677 cet.
1539 640 1751 689 bisyllaba3

256 714 324 750 sed
356 715 473 749 etiam
504 713 703 761 pleniores
734 710 870 748 iormae
904 707 1062 748 (fiebam
1093 713 1165 746 cet.
1200 709 1305 758 apud
1321 709 1506 746 Plautum
1533 712 1572 746 et
1595 710 1750 759 scriptae

255 786 294 819 et
324 782 592 831 pronuntiatae
626 783 725 825 sunt,
759 793 793 815 v.
828 777 1007 827 Spengel.
1041 791 1078 826 p.
1109 779 1201 815 205.
1249 773 1355 815 Diei
1384 790 1455 827 pro
1486 777 1619 814 iambo
1650 790 1752 826 saepe

254 851 434 900 ponitur,
466 863 501 885 v.
535 848 676 897 Amph.
711 848 804 884 272.
841 847 932 883 542.
967 846 1055 883 Ter.
1088 846 1188 883 Eun.
1224 847 1300 883 801
1336 845 1399 892 aL,
1431 847 1528 882 item
1549 841 1681 894 fidei,
1714 858 1750 882 v.
1788 850 1791 852 ’

254 918 396 967 Amph.
433 918 524 954 387.
573 917 659 953 Ter.
700 915 822 952 Andr.
865 915 957 951 296.
1012 915 1108 951 Hor.
1143 914 1222 951 Sat.
1255 914 1290 960 Ι,
1326 915 1367 960 3,
1403 915 1467 951 95.
1529 909 1611 951 Rei
1649 926 1752 962 saepe

255 985 584 1034 monosyllabum,
631 987 675 1020 ut
714 983 854 1020 Bacch.
898 983 990 1019 940.
1038 982 1126 1018 Ter.
1165 982 1239 1019 Ad.
1283 983 1382 1028 854,
1422 982 1471 1018 al.
1532 982 1752 1018 Pronomen

255 1052 351 1102 quoi
389 1053 493 1102 apud
524 1053 711 1089 Plautum
750 1064 904 1100 semper
938 1050 1254 1098 monosyllabum
1293 1053 1368 1096 est,
1401 1064 1436 1087 V.
1469 1050 1617 1087 Ritsch.
1650 1049 1750 1099 prol.

254 1123 430 1159 Trinum.
463 1135 501 1170 p.
535 1119 718 1165 CLXXI,
756 1118 934 1168 „quoiei“
970 1120 1010 1155 in
1042 1118 1366 1168 inscriptionibus
1399 1121 1470 1164 est,
1503 1132 1538 1154 v.
1572 1117 1688 1167 Corp.
1721 1117 1751 1154 Ι.

254 1190 299 1226 L.
332 1190 369 1235 I,
402 1203 439 1225 n.
476 1190 539 1226 34.
578 1189 752 1234 198,10.
795 1189 888 1233 200,
910 1188 973 1224 68.
1035 1183 1095 1224 Εἰ
1132 1187 1445 1235 monosyllabum
1484 1199 1568 1223 esse
1606 1188 1750 1235 potest,

254 1261 299 1294 ut
337 1258 423 1294 Ter.
466 1257 609 1294 Heaut.
651 1257 743 1293 966.
795 1256 869 1292 Ad.
905 1256 1004 1301 8543
1051 1255 1284 1304 plerumque
1328 1254 1568 1303 bisyllabum
1612 1257 1671 1291 est
1715 1256 1755 1290 et

254 1325 477 1375 spondaicae
519 1324 677 1374 quidem
718 1337 927 1369 mensurae,
968 1337 1003 1360 v.
1037 1322 1186 1360 Ritsch.
1220 1323 1360 1372 Opusc.
1392 1323 1448 1369 ΙΙ,
1481 1336 1518 1372 p.
1552 1323 1632 1359 419
1666 1335 1750 1372 sqq.

253 1393 381 1430 rarius
412 1392 598 1439 iambicae,
631 1396 675 1429 ut
702 1392 812 1430 Cure.
832 1393 926 1429 433.
958 1391 1063 1428 Men.
1087 1392 1148 1428 18.
1182 1391 1324 1428 Pseud.
1346 1393 1416 1437 583
1448 1393 1489 1428 in
1521 1391 1606 1440 lege
1627 1390 1754 1427 Acilia

254 1461 563 1510 repetundarum
601 1459 722 1507 „eiei“
760 1464 830 1507 est,
864 1461 903 1496 in
936 1460 1022 1507 lege
1052 1459 1203 1496 Rubria
1240 1459 1354 1505 „iei“.

366 1529 672 1579 Praepositiones
709 1530 750 1565 in
788 1529 965 1566 vocalem
1007 1532 1194 1565 exeuntes
1236 1541 1322 1564 cum
1353 1527 1541 1564 vocabulo
1573 1540 1595 1563 a
1625 1526 1752 1563 vocali

252 1597 465 1646 incipiente
498 1598 724 1647 compositae
757 1610 858 1646 saepe
890 1598 930 1633 in
960 1610 1079 1633 unam
1111 1596 1300 1644 syllabam
1333 1595 1641 1640 contrahuntur,
1674 1608 1752 1632 non

257 1665 376 1701 solun]
410 1666 478 1702 ubi
509 1670 678 1715 utraque
709 1666 844 1701 littera
876 1664 1011 1701 eadem
1048 1667 1123 1710 est,
1155 1664 1233 1701 vid.
1267 1677 1386 1713 supra
1416 1677 1454 1712 p.
1489 1665 1582 1709 213,
1616 1666 1654 1700 et
1686 1663 1753 1700 ubi

256 1733 428 1770 secunda
459 1731 485 1779 i,
511 1737 554 1770 ut
582 1735 716 1779 „eicio,
744 1733 880 1779 deicio,
908 1733 1039 1778 reicio,
1066 1732 1217 1777 deinde,
1244 1729 1508 1780 proinde“*);
1543 1731 1611 1768 sed
1635 1733 1752 1768 etiam

261 1800 446 1850 „praeuff
482 1801 624 1850 Amph.
653 1802 745 1838 370.
778 1801 883 1837 Men.
912 1801 1004 1837 916.
1038 1801 1086 1837 al.
1126 1799 1349 1850 .,praeopto“
1386 1800 1494 1837 Trin.
1529 1800 1621 1836 648.
1662 1799 1750 1836 Ter.

256 1868 350 1905 Hec.
386 1870 478 1905 532.
531 1867 872 1914 „deambulatum“
917 1868 1004 1904 Ter.
1038 1868 1181 1905 Heaut.
1218 1869 1310 1905 587.
1363 1866 1575 1911 „(leartuo“
1619 1867 1750 1904 Plaut.

257 1936 367 1985 Capt.
397 1938 488 1973 634.
525 1938 617 1974 665.
655 1934 896 1982 „deasciari“
932 1936 1016 1972 Mil.
1044 1937 1137 1972 881.
1176 1934 1480 1981 „(leosculabor“
1517 1935 1643 1972 Oasin.
1670 1936 1751 1972 444

257 2005 311 2040 sic
350 2004 538 2041 suadente
577 2008 722 2049 metro,
763 2004 829 2040 sed
868 2002 1052 2049 „deamo“
1096 2003 1230 2040 eadem
1271 2003 1318 2039 de
1358 2016 1474 2040 causa
1505 2003 1752 2051 trisyllabum

256 2070 371 2120 Epid.
400 2072 491 2108 216.
524 2072 630 2109 Poen.
658 2073 750 2108 887.
789 2073 907 2108 1179.
958 2072 1215 2109 Contrahitur
1251 2069 1433 2117 „coerce“
1471 2071 1575 2120 apud
1606 2070 1750 2107 Pacuv.

256 2152 291 2175 v.
326 2139 390 2185 47,
428 2138 692 2185 „coalescere“
730 2140 834 2188 apud
865 2139 1022 2175 Lucret.
1055 2139 1118 2185 VI,
1156 2139 1273 2185 1068,
1307 2139 1354 2184 II,
1392 2140 1510 2176 1061.
1549 2137 1747 2185 „coactio“

257 2206 365 2242 Asin.
400 2208 493 2243 202.
532 2206 906 2256 .,coemptionale1n'⁴
945 2207 1084 2243 Bacch.
1113 2208 1205 2252 979,
1240 2207 1285 2243 cf.
1320 2206 1478 2243 Lachm.
1512 2207 1560 2243 ad
1593 2206 1750 2243 Lucret.

256 2287 294 2322 p.
332 2275 421 2311 135.
483 2274 606 2312 Porro
642 2274 821 2324 .,quoad“
857 2275 965 2311 Asin.
1001 2275 1093 2317 294,
1127 2275 1175 2311 al.

370 2342 414 2378 In
446 2341 590 2379 Graecis
628 2344 853 2380 nominibus
892 2343 1089 2380 interdum
1129 2344 1292 2379 metrica
1329 2341 1540 2379 difficultas
1572 2346 1750 2379 contrac-

256 2410 400 2445 tionem
439 2412 614 2459 peperit,
653 2415 697 2448 ut
727 2411 868 2447 Bacch.
904 2412 1002 2448 939:
1052 2411 1210 2449 ..Ulixes
1242 2409 1446 2447 Laertius“
1485 2409 1622 2456 (Codd.
1657 2409 1751 2447 Ler—

256 2474 364 2523 tius).
427 2477 468 2514 P.
501 2478 689 2516 Varronis
727 2480 883 2525 vitium,
931 2478 1156 2517 ..ΡΙῃιρΐοῐιΕἰ
1198 2478 1452 2527 bisyllabum,
1498 2477 1754 2526 reprehendit

258 2545 520 2590 Quintilianus
551 2547 586 2591 Ι,
622 2549 663 2591 5,
702 2548 764 2583 17.
831 2546 1159 2593 ,‚Di‹·aea1·chiam“
1203 2547 1321 2593 vulgo
1362 2549 1662 2591 contraxerunt,
1709 2548 1753 2582 ut

257 2612 381 2648 Lucil.
408 2613 474 2658 ΙΙΙ,
507 2615 553 2649 18
580 2614 713 2650 Muli:
752 2615 870 2660 „Inde
895 2613 1163 2650 Dicarchitum
1194 2615 1360 2663 populos
1380 2613 1597 2662 Delumque
1628 2614 1751 2650 mino-

257 2678 379 2724 renff,
414 2679 573 2726 Statius,
608 2681 738 2727 Silius,
771 2682 991 2728 Petronius,
1026 2681 1220 2719 Sidonius.

293 2820 324 2864 *)
351 2820 467 2855 Proin
493 2822 712 2866 bisyllabiun
739 2826 794 2857 est
819 2823 932 2857 Stich.
958 2824 1034 2857 464.
