<?xml version="1.0" encoding="UTF-8"?>
<!DOCTYPE html PUBLIC "-//W3C//DTD XHTML 1.0 Transitional//EN"
    "http://www.w3.org/TR/xhtml1/DTD/xhtml1-transitional.dtd">
<html xmlns="http://www.w3.org/1999/xhtml" xml:lang="en" lang="en">
 <head>
  <title>
</title>
<meta http-equiv="Content-Type" content="text/html;charset=utf-8" />
  <meta name='ocr-system' content='tesseract 3.04.00' />
  <meta name='ocr-capabilities' content='ocr_page ocr_carea ocr_par ocr_line ocrx_word'/>
</head>
<body>
  <div class='ocr_page' id='page_1' title='image "./comoediaerecensv01plauuoft_0201.png"; bbox 0 0 1926 3275; ppageno 0'>
   <div class='ocr_carea' id='block_1_1' title="bbox 772 246 1666 292">
    <p class='ocr_par' dir='ltr' id='par_1_1' title="bbox 772 246 1666 292">
     <span class='ocr_line' id='line_1_1' title="bbox 772 246 1666 292; baseline -0.001 -11"><span class='ocrx_word' id='word_1_1' title='bbox 772 246 1052 291; x_wconf 74' lang='lat' dir='ltr'>prolegomena.</span> <span class='ocrx_word' id='word_1_2' title='bbox 1587 252 1606 290; x_wconf 87' lang='lat'>1</span> <span class='ocrx_word' id='word_1_3' title='bbox 1613 253 1666 292; x_wconf 75' lang='lat'>83</span> 
     </span>
    </p>
   </div>
   <div class='ocr_carea' id='block_1_2' title="bbox 158 375 1673 2126">
    <p class='ocr_par' dir='ltr' id='par_1_2' title="bbox 158 375 1673 2126">
     <span class='ocr_line' id='line_1_2' title="bbox 159 375 1667 427; baseline 0.001 -14"><span class='ocrx_word' id='word_1_4' title='bbox 159 379 308 427; x_wconf 88' lang='lat' dir='ltr'>praeter</span> <span class='ocrx_word' id='word_1_5' title='bbox 344 375 444 413; x_wconf 89' lang='lat' dir='ltr'>hanc</span> <span class='ocrx_word' id='word_1_6' title='bbox 481 375 700 423; x_wconf 72' lang='lat' dir='ltr'>legitimam</span> <span class='ocrx_word' id='word_1_7' title='bbox 737 388 924 413; x_wconf 80' lang='lat' dir='ltr'>caesuram</span> <span class='ocrx_word' id='word_1_8' title='bbox 960 376 1080 412; x_wconf 87' lang='lat' dir='ltr'>etiam</span> <span class='ocrx_word' id='word_1_9' title='bbox 1111 376 1152 411; x_wconf 93' lang='lat' dir='ltr'>in</span> <span class='ocrx_word' id='word_1_10' title='bbox 1184 375 1355 413; x_wconf 85' lang='lat' dir='ltr'>secundo</span> <span class='ocrx_word' id='word_1_11' title='bbox 1387 379 1426 413; x_wconf 86' lang='lat' dir='ltr'>et</span> <span class='ocrx_word' id='word_1_12' title='bbox 1455 377 1496 414; x_wconf 93' lang='lat' dir='ltr'>in</span> <span class='ocrx_word' id='word_1_13' title='bbox 1529 378 1667 426; x_wconf 83' lang='lat' dir='ltr'>quinto</span> 
     </span>
     <span class='ocr_line' id='line_1_3' title="bbox 159 443 1667 495; baseline 0.001 -14"><span class='ocrx_word' id='word_1_14' title='bbox 159 444 262 494; x_wconf 90' lang='lat' dir='ltr'>pede</span> <span class='ocrx_word' id='word_1_15' title='bbox 293 457 396 494; x_wconf 89' lang='lat' dir='ltr'>saepe</span> <span class='ocrx_word' id='word_1_16' title='bbox 427 444 566 481; x_wconf 89' lang='lat' dir='ltr'>similis</span> <span class='ocrx_word' id='word_1_17' title='bbox 596 443 806 480; x_wconf 87' lang='lat' dir='ltr'>verborum</span> <span class='ocrx_word' id='word_1_18' title='bbox 845 444 986 481; x_wconf 87' lang='lat' dir='ltr'>divisio</span> <span class='ocrx_word' id='word_1_19' title='bbox 1024 443 1086 490; x_wconf 87' lang='lat' dir='ltr'>fit,</span> <span class='ocrx_word' id='word_1_20' title='bbox 1120 457 1304 493; x_wconf 89' lang='lat' dir='ltr'>eamque,</span> <span class='ocrx_word' id='word_1_21' title='bbox 1338 457 1424 493; x_wconf 88' lang='lat' dir='ltr'>quae</span> <span class='ocrx_word' id='word_1_22' title='bbox 1454 446 1496 481; x_wconf 92' lang='lat' dir='ltr'>in</span> <span class='ocrx_word' id='word_1_23' title='bbox 1527 446 1667 495; x_wconf 86' lang='lat' dir='ltr'>quinto</span> 
     </span>
     <span class='ocr_line' id='line_1_4' title="bbox 159 509 1663 562; baseline 0.001 -13"><span class='ocrx_word' id='word_1_24' title='bbox 159 515 222 549; x_wconf 86' lang='lat' dir='ltr'>est</span> <span class='ocrx_word' id='word_1_25' title='bbox 262 509 521 559; x_wconf 75' lang='lat' dir='ltr'>(recentiores</span> <span class='ocrx_word' id='word_1_26' title='bbox 562 512 751 549; x_wconf 86' lang='lat' dir='ltr'>dixerunt</span> <span class='ocrx_word' id='word_1_27' title='bbox 794 514 910 562; x_wconf 87' lang='lat' dir='ltr'>„post</span> <span class='ocrx_word' id='word_1_28' title='bbox 948 511 1115 548; x_wconf 89' lang='lat' dir='ltr'>alteram</span> <span class='ocrx_word' id='word_1_29' title='bbox 1155 511 1358 561; x_wconf 89' lang='lat' dir='ltr'>dipodiam</span> <span class='ocrx_word' id='word_1_30' title='bbox 1395 511 1663 550; x_wconf 83' lang='lat' dir='ltr'>trochaicam“</span> 
     </span>
     <span class='ocr_line' id='line_1_5' title="bbox 160 577 1666 630; baseline 0.001 -14"><span class='ocrx_word' id='word_1_31' title='bbox 160 583 231 617; x_wconf 86' lang='lat' dir='ltr'>aut</span> <span class='ocrx_word' id='word_1_32' title='bbox 266 583 380 626; x_wconf 91' lang='lat' dir='ltr'>„ante</span> <span class='ocrx_word' id='word_1_33' title='bbox 404 579 589 616; x_wconf 87' lang='lat' dir='ltr'>ultimum</span> <span class='ocrx_word' id='word_1_34' title='bbox 614 577 860 627; x_wconf 80' lang='lat' dir='ltr'>creticum“),</span> <span class='ocrx_word' id='word_1_35' title='bbox 887 580 1149 629; x_wconf 85' lang='lat' dir='ltr'>aliquatenus,</span> <span class='ocrx_word' id='word_1_36' title='bbox 1175 579 1283 628; x_wconf 89' lang='lat' dir='ltr'>apud</span> <span class='ocrx_word' id='word_1_37' title='bbox 1299 579 1463 617; x_wconf 89' lang='lat' dir='ltr'>Latinos</span> <span class='ocrx_word' id='word_1_38' title='bbox 1495 581 1666 630; x_wconf 87' lang='lat' dir='ltr'>quidem,</span> 
     </span>
     <span class='ocr_line' id='line_1_6' title="bbox 160 646 1668 698; baseline 0.001 -14"><span class='ocrx_word' id='word_1_39' title='bbox 160 660 318 684; x_wconf 88' lang='lat' dir='ltr'>caesurae</span> <span class='ocrx_word' id='word_1_40' title='bbox 357 648 438 684; x_wconf 90' lang='lat' dir='ltr'>vim</span> <span class='ocrx_word' id='word_1_41' title='bbox 476 647 664 685; x_wconf 82' lang='lat' dir='ltr'>habuisse</span> <span class='ocrx_word' id='word_1_42' title='bbox 702 646 935 684; x_wconf 83' lang='lat' dir='ltr'>videbimus.</span> <span class='ocrx_word' id='word_1_43' title='bbox 995 646 1134 684; x_wconf 84' lang='lat' dir='ltr'>Latini</span> <span class='ocrx_word' id='word_1_44' title='bbox 1173 648 1276 684; x_wconf 90' lang='lat' dir='ltr'>enim</span> <span class='ocrx_word' id='word_1_45' title='bbox 1316 660 1490 696; x_wconf 87' lang='lat' dir='ltr'>caesurae,</span> <span class='ocrx_word' id='word_1_46' title='bbox 1530 650 1668 698; x_wconf 85' lang='lat' dir='ltr'>utique</span> 
     </span>
     <span class='ocr_line' id='line_1_7' title="bbox 158 712 1667 765; baseline 0.001 -13"><span class='ocrx_word' id='word_1_47' title='bbox 158 715 348 763; x_wconf 79' lang='lat' dir='ltr'>legitimae</span> <span class='ocrx_word' id='word_1_48' title='bbox 382 712 735 764; x_wconf 89' lang='lat' dir='ltr'>(penthemimeri),</span> <span class='ocrx_word' id='word_1_49' title='bbox 769 716 972 765; x_wconf 87' lang='lat' dir='ltr'>aliquanto</span> <span class='ocrx_word' id='word_1_50' title='bbox 1003 715 1093 765; x_wconf 84' lang='lat' dir='ltr'>plus</span> <span class='ocrx_word' id='word_1_51' title='bbox 1122 715 1351 753; x_wconf 86' lang='lat' dir='ltr'>tribuerunt</span> <span class='ocrx_word' id='word_1_52' title='bbox 1381 729 1499 765; x_wconf 91' lang='lat' dir='ltr'>quam</span> <span class='ocrx_word' id='word_1_53' title='bbox 1526 715 1667 754; x_wconf 88' lang='lat' dir='ltr'>Graeci.</span> 
     </span>
     <span class='ocr_line' id='line_1_8' title="bbox 161 782 1669 833; baseline 0.002 -14"><span class='ocrx_word' id='word_1_54' title='bbox 161 782 246 820; x_wconf 90' lang='lat' dir='ltr'>Hoc</span> <span class='ocrx_word' id='word_1_55' title='bbox 275 783 367 820; x_wconf 89' lang='lat' dir='ltr'>inde</span> <span class='ocrx_word' id='word_1_56' title='bbox 399 786 582 833; x_wconf 88' lang='lat' dir='ltr'>apparet,</span> <span class='ocrx_word' id='word_1_57' title='bbox 617 782 722 833; x_wconf 88' lang='lat' dir='ltr'>quod</span> <span class='ocrx_word' id='word_1_58' title='bbox 752 783 792 819; x_wconf 92' lang='lat' dir='ltr'>in</span> <span class='ocrx_word' id='word_1_59' title='bbox 824 796 973 820; x_wconf 85' lang='lat' dir='ltr'>caesura</span> <span class='ocrx_word' id='word_1_60' title='bbox 1005 783 1269 832; x_wconf 77' lang='lat' dir='ltr'><strong>antiquissimi</strong></span> <span class='ocrx_word' id='word_1_61' title='bbox 1301 784 1448 833; x_wconf 88' lang='lat' dir='ltr'>quique</span> <span class='ocrx_word' id='word_1_62' title='bbox 1479 783 1669 822; x_wconf 89' lang='lat' dir='ltr'>hiatum</span> 
     </span>
     <span class='ocr_line' id='line_1_9' title="bbox 159 849 1668 899; baseline 0.002 -12"><span class='ocrx_word' id='word_1_63' title='bbox 159 851 417 888; x_wconf 84' lang='lat' dir='ltr'>admiserunt.</span> <span class='ocrx_word' id='word_1_64' title='bbox 463 851 619 888; x_wconf 82' lang='lat' dir='ltr'><strong>Primus</strong></span> <span class='ocrx_word' id='word_1_65' title='bbox 645 850 719 888; x_wconf 84' lang='lat' dir='ltr'>hoc</span> <span class='ocrx_word' id='word_1_66' title='bbox 745 850 882 888; x_wconf 87' lang='lat' dir='ltr'>docuit</span> <span class='ocrx_word' id='word_1_67' title='bbox 898 850 1064 899; x_wconf 88' lang='lat' dir='ltr'>Lingius</span> <span class='ocrx_word' id='word_1_68' title='bbox 1091 849 1377 898; x_wconf 80' lang='lat' dir='ltr'>(Quaestionum</span> <span class='ocrx_word' id='word_1_69' title='bbox 1393 851 1668 890; x_wconf 86' lang='lat' dir='ltr'>Plautinarum</span> 
     </span>
     <span class='ocr_line' id='line_1_10' title="bbox 159 917 1669 970; baseline 0.002 -15"><span class='ocrx_word' id='word_1_70' title='bbox 159 918 262 955; x_wconf 87' lang='lat' dir='ltr'>liber</span> <span class='ocrx_word' id='word_1_71' title='bbox 298 919 450 968; x_wconf 89' lang='lat' dir='ltr'>primus</span> <span class='ocrx_word' id='word_1_72' title='bbox 489 932 519 956; x_wconf 89' lang='grc'>3.</span> <span class='ocrx_word' id='word_1_73' title='bbox 559 918 608 955; x_wconf 90' lang='lat' dir='ltr'>de</span> <span class='ocrx_word' id='word_1_74' title='bbox 638 918 764 955; x_wconf 87' lang='lat' dir='ltr'>hiatu.</span> <span class='ocrx_word' id='word_1_75' title='bbox 803 918 1019 956; x_wconf 86' lang='lat' dir='ltr'>Vratislav.</span> <span class='ocrx_word' id='word_1_76' title='bbox 1057 917 1204 966; x_wconf 78' lang='lat'>1819);</span> <span class='ocrx_word' id='word_1_77' title='bbox 1244 919 1388 956; x_wconf 89' lang='lat' dir='ltr'>deinde</span> <span class='ocrx_word' id='word_1_78' title='bbox 1418 919 1466 957; x_wconf 88' lang='lat' dir='ltr'>A.</span> <span class='ocrx_word' id='word_1_79' title='bbox 1501 920 1669 970; x_wconf 82' lang='lat' dir='ltr'>Spengel</span> 
     </span>
     <span class='ocr_line' id='line_1_11' title="bbox 163 983 1670 1038; baseline 0.001 -15"><span class='ocrx_word' id='word_1_80' title='bbox 163 984 309 1034; x_wconf 89' lang='lat' dir='ltr'>(Plaut.</span> <span class='ocrx_word' id='word_1_81' title='bbox 355 1000 394 1036; x_wconf 88' lang='lat' dir='ltr'>p.</span> <span class='ocrx_word' id='word_1_82' title='bbox 439 987 516 1024; x_wconf 84' lang='grc'>189</span> <span class='ocrx_word' id='word_1_83' title='bbox 557 983 661 1036; x_wconf 87' lang='lat' dir='ltr'>sqq.)</span> <span class='ocrx_word' id='word_1_84' title='bbox 709 986 799 1036; x_wconf 89' lang='lat' dir='ltr'>plus</span> <span class='ocrx_word' id='word_1_85' title='bbox 845 999 964 1036; x_wconf 87' lang='lat' dir='ltr'>quam</span> <span class='ocrx_word' id='word_1_86' title='bbox 1011 987 1182 1024; x_wconf 90' lang='lat' dir='ltr'>ducenta</span> <span class='ocrx_word' id='word_1_87' title='bbox 1226 987 1342 1025; x_wconf 86' lang='lat' dir='ltr'>huius</span> <span class='ocrx_word' id='word_1_88' title='bbox 1387 988 1445 1024; x_wconf 88' lang='lat' dir='ltr'>rei</span> <span class='ocrx_word' id='word_1_89' title='bbox 1490 988 1670 1038; x_wconf 83' lang='lat' dir='ltr'>exempla</span> 
     </span>
     <span class='ocr_line' id='line_1_12' title="bbox 163 1052 1665 1105; baseline 0.002 -14"><span class='ocrx_word' id='word_1_90' title='bbox 163 1054 310 1091; x_wconf 88' lang='lat' dir='ltr'>attulit.</span> <span class='ocrx_word' id='word_1_91' title='bbox 358 1053 398 1092; x_wconf 86' lang='lat' dir='ltr'>G.</span> <span class='ocrx_word' id='word_1_92' title='bbox 430 1054 475 1091; x_wconf 87' lang='lat' dir='ltr'>F.</span> <span class='ocrx_word' id='word_1_93' title='bbox 506 1054 568 1092; x_wconf 93' lang='lat' dir='ltr'>W.</span> <span class='ocrx_word' id='word_1_94' title='bbox 601 1054 749 1091; x_wconf 76' lang='lat' dir='ltr'>Muller</span> <span class='ocrx_word' id='word_1_95' title='bbox 781 1054 942 1104; x_wconf 88' lang='lat' dir='ltr'>quidem</span> <span class='ocrx_word' id='word_1_96' title='bbox 976 1052 1261 1102; x_wconf 89' lang='lat' dir='ltr'>(Plautinische</span> <span class='ocrx_word' id='word_1_97' title='bbox 1291 1055 1483 1093; x_wconf 90' lang='lat' dir='ltr'>Prosodie</span> <span class='ocrx_word' id='word_1_98' title='bbox 1512 1069 1552 1105; x_wconf 91' lang='lat' dir='ltr'>p.</span> <span class='ocrx_word' id='word_1_99' title='bbox 1586 1057 1665 1094; x_wconf 83' lang='lat'>481</span> 
     </span>
     <span class='ocr_line' id='line_1_13' title="bbox 159 1112 1670 1172; baseline 0.002 -14"><span class='ocrx_word' id='word_1_100' title='bbox 159 1119 267 1171; x_wconf 84' lang='lat' dir='ltr'>sqq.)</span> <span class='ocrx_word' id='word_1_101' title='bbox 314 1121 456 1160; x_wconf 85' lang='lat' dir='ltr'>horum</span> <span class='ocrx_word' id='word_1_102' title='bbox 500 1123 691 1172; x_wconf 85' lang='lat' dir='ltr'>pleraque</span> <span class='ocrx_word' id='word_1_103' title='bbox 735 1112 865 1160; x_wconf 85' lang='lat' dir='ltr'>reiicit</span> <span class='ocrx_word' id='word_1_104' title='bbox 911 1126 950 1160; x_wconf 90' lang='lat' dir='ltr'>et</span> <span class='ocrx_word' id='word_1_105' title='bbox 991 1122 1238 1160; x_wconf 85' lang='lat' dir='ltr'>emendanda</span> <span class='ocrx_word' id='word_1_106' title='bbox 1276 1127 1426 1171; x_wconf 88' lang='lat' dir='ltr'>censet,</span> <span class='ocrx_word' id='word_1_107' title='bbox 1465 1124 1551 1161; x_wconf 90' lang='lat' dir='ltr'>iure</span> <span class='ocrx_word' id='word_1_108' title='bbox 1589 1138 1670 1162; x_wconf 89' lang='lat' dir='ltr'>non</span> 
     </span>
     <span class='ocr_line' id='line_1_14' title="bbox 162 1189 1671 1241; baseline 0.002 -15"><span class='ocrx_word' id='word_1_109' title='bbox 162 1189 289 1236; x_wconf 88' lang='lat' dir='ltr'>nulla,</span> <span class='ocrx_word' id='word_1_110' title='bbox 336 1190 527 1240; x_wconf 83' lang='lat' dir='ltr'>pleraque</span> <span class='ocrx_word' id='word_1_111' title='bbox 571 1191 790 1237; x_wconf 69' lang='lat' dir='ltr'>immerito,</span> <span class='ocrx_word' id='word_1_112' title='bbox 838 1190 934 1240; x_wconf 87' lang='lat' dir='ltr'>quid</span> <span class='ocrx_word' id='word_1_113' title='bbox 972 1191 1074 1228; x_wconf 89' lang='lat' dir='ltr'>enim</span> <span class='ocrx_word' id='word_1_114' title='bbox 1112 1190 1252 1237; x_wconf 83' lang='lat' dir='ltr'>refert,</span> <span class='ocrx_word' id='word_1_115' title='bbox 1297 1205 1414 1241; x_wconf 88' lang='lat' dir='ltr'>quam</span> <span class='ocrx_word' id='word_1_116' title='bbox 1452 1191 1580 1228; x_wconf 86' lang='lat' dir='ltr'>facilis</span> <span class='ocrx_word' id='word_1_117' title='bbox 1618 1193 1671 1229; x_wconf 86' lang='lat' dir='ltr'>sit</span> 
     </span>
     <span class='ocr_line' id='line_1_15' title="bbox 162 1257 1671 1310; baseline 0.003 -17"><span class='ocrx_word' id='word_1_118' title='bbox 162 1257 404 1305; x_wconf 79' lang='lat' dir='ltr'>emendatio,</span> <span class='ocrx_word' id='word_1_119' title='bbox 446 1259 480 1295; x_wconf 90' lang='lat' dir='ltr'>si</span> <span class='ocrx_word' id='word_1_120' title='bbox 517 1259 778 1296; x_wconf 88' lang='lat' dir='ltr'>necessariam</span> <span class='ocrx_word' id='word_1_121' title='bbox 817 1272 901 1296; x_wconf 90' lang='lat' dir='ltr'>esse</span> <span class='ocrx_word' id='word_1_122' title='bbox 938 1273 1019 1297; x_wconf 91' lang='lat' dir='ltr'>non</span> <span class='ocrx_word' id='word_1_123' title='bbox 1057 1257 1316 1297; x_wconf 77' lang='lat' dir='ltr'>conceditur?</span> <span class='ocrx_word' id='word_1_124' title='bbox 1363 1258 1476 1297; x_wconf 87' lang='lat' dir='ltr'>Solos</span> <span class='ocrx_word' id='word_1_125' title='bbox 1506 1261 1671 1310; x_wconf 86' lang='lat' dir='ltr'>triginta</span> 
     </span>
     <span class='ocr_line' id='line_1_16' title="bbox 161 1327 1670 1377; baseline 0.001 -14"><span class='ocrx_word' id='word_1_126' title='bbox 161 1328 354 1375; x_wconf 88' lang='lat' dir='ltr'>quattuor</span> <span class='ocrx_word' id='word_1_127' title='bbox 397 1327 504 1364; x_wconf 89' lang='lat' dir='ltr'>locos</span> <span class='ocrx_word' id='word_1_128' title='bbox 549 1340 589 1364; x_wconf 89' lang='lat' dir='ltr'>se</span> <span class='ocrx_word' id='word_1_129' title='bbox 633 1327 843 1377; x_wconf 84' lang='lat' dir='ltr'>reliquisse</span> <span class='ocrx_word' id='word_1_130' title='bbox 882 1327 1096 1377; x_wconf 82' lang='lat' dir='ltr'>gloriatur3</span> <span class='ocrx_word' id='word_1_131' title='bbox 1143 1327 1240 1364; x_wconf 90' lang='lat' dir='ltr'>mihi</span> <span class='ocrx_word' id='word_1_132' title='bbox 1285 1327 1444 1377; x_wconf 90' lang='lat' dir='ltr'>quidem</span> <span class='ocrx_word' id='word_1_133' title='bbox 1488 1328 1552 1364; x_wconf 83' lang='lat' dir='ltr'>vel</span> <span class='ocrx_word' id='word_1_134' title='bbox 1595 1329 1670 1365; x_wconf 89' lang='lat' dir='ltr'>iste</span> 
     </span>
     <span class='ocr_line' id='line_1_17' title="bbox 160 1394 1670 1445; baseline 0.002 -14"><span class='ocrx_word' id='word_1_135' title='bbox 160 1407 349 1431; x_wconf 88' lang='lat' dir='ltr'>numerus</span> <span class='ocrx_word' id='word_1_136' title='bbox 395 1394 445 1432; x_wconf 86' lang='lat' dir='ltr'>ad</span> <span class='ocrx_word' id='word_1_137' title='bbox 489 1408 573 1433; x_wconf 88' lang='lat' dir='ltr'>rem</span> <span class='ocrx_word' id='word_1_138' title='bbox 618 1395 865 1445; x_wconf 82' lang='lat' dir='ltr'>probandam</span> <span class='ocrx_word' id='word_1_139' title='bbox 903 1395 1083 1433; x_wconf 87' lang='lat' dir='ltr'>sufficere</span> <span class='ocrx_word' id='word_1_140' title='bbox 1122 1395 1293 1433; x_wconf 83' lang='lat' dir='ltr'>videtur.</span> <span class='ocrx_word' id='word_1_141' title='bbox 1354 1396 1499 1433; x_wconf 80' lang='lat' dir='ltr'>Hiatus</span> <span class='ocrx_word' id='word_1_142' title='bbox 1538 1400 1670 1434; x_wconf 84' lang='lat' dir='ltr'>autem</span> 
     </span>
     <span class='ocr_line' id='line_1_18' title="bbox 160 1462 1671 1513; baseline 0.001 -13"><span class='ocrx_word' id='word_1_143' title='bbox 160 1476 242 1500; x_wconf 91' lang='lat' dir='ltr'>non</span> <span class='ocrx_word' id='word_1_144' title='bbox 272 1463 313 1500; x_wconf 86' lang='lat' dir='ltr'>in</span> <span class='ocrx_word' id='word_1_145' title='bbox 344 1476 390 1500; x_wconf 87' lang='lat' dir='ltr'>ea</span> <span class='ocrx_word' id='word_1_146' title='bbox 421 1462 549 1500; x_wconf 83' lang='lat' dir='ltr'>solum</span> <span class='ocrx_word' id='word_1_147' title='bbox 580 1477 746 1510; x_wconf 81' lang='lat' dir='ltr'>caesura,</span> <span class='ocrx_word' id='word_1_148' title='bbox 781 1476 867 1513; x_wconf 81' lang='lat' dir='ltr'>quae</span> <span class='ocrx_word' id='word_1_149' title='bbox 898 1463 1228 1512; x_wconf 75' lang='lat' dir='ltr'>penthemimeres</span> <span class='ocrx_word' id='word_1_150' title='bbox 1261 1464 1417 1510; x_wconf 89' lang='lat' dir='ltr'>dicitur,</span> <span class='ocrx_word' id='word_1_151' title='bbox 1451 1464 1522 1501; x_wconf 88' lang='lat' dir='ltr'>sed</span> <span class='ocrx_word' id='word_1_152' title='bbox 1553 1465 1671 1502; x_wconf 90' lang='lat' dir='ltr'>etiam</span> 
     </span>
     <span class='ocr_line' id='line_1_19' title="bbox 161 1530 1672 1583; baseline 0.002 -16"><span class='ocrx_word' id='word_1_153' title='bbox 161 1532 203 1568; x_wconf 91' lang='lat' dir='ltr'>in</span> <span class='ocrx_word' id='word_1_154' title='bbox 233 1530 564 1580; x_wconf 87' lang='lat' dir='ltr'>hephthemimeri</span> <span class='ocrx_word' id='word_1_155' title='bbox 595 1531 818 1577; x_wconf 86' lang='lat' dir='ltr'>invenitur;</span> <span class='ocrx_word' id='word_1_156' title='bbox 860 1531 1039 1580; x_wconf 86' lang='lat' dir='ltr'>exempla</span> <span class='ocrx_word' id='word_1_157' title='bbox 1077 1533 1292 1580; x_wconf 73' lang='lat' dir='ltr'>congessit,</span> <span class='ocrx_word' id='word_1_158' title='bbox 1334 1533 1402 1581; x_wconf 91' lang='lat' dir='ltr'>qui</span> <span class='ocrx_word' id='word_1_159' title='bbox 1440 1546 1522 1568; x_wconf 86' lang='lat' dir='ltr'>rem</span> <span class='ocrx_word' id='word_1_160' title='bbox 1552 1537 1672 1583; x_wconf 86' lang='lat' dir='ltr'>negat</span> 
     </span>
     <span class='ocr_line' id='line_1_20' title="bbox 163 1599 1670 1648; baseline 0.001 -13"><span class='ocrx_word' id='word_1_161' title='bbox 163 1599 322 1636; x_wconf 78' lang='lat' dir='ltr'>Miiller.</span> <span class='ocrx_word' id='word_1_162' title='bbox 354 1612 394 1648; x_wconf 90' lang='lat' dir='ltr'>p.</span> <span class='ocrx_word' id='word_1_163' title='bbox 429 1599 530 1646; x_wconf 79' lang='lat'>518;</span> <span class='ocrx_word' id='word_1_164' title='bbox 561 1600 657 1636; x_wconf 84' lang='lat' dir='ltr'>item</span> <span class='ocrx_word' id='word_1_165' title='bbox 689 1599 730 1636; x_wconf 90' lang='lat' dir='ltr'>in</span> <span class='ocrx_word' id='word_1_166' title='bbox 761 1599 1002 1636; x_wconf 82' lang='lat' dir='ltr'>secundariis</span> <span class='ocrx_word' id='word_1_167' title='bbox 1033 1600 1134 1646; x_wconf 89' lang='lat' dir='ltr'>illis,</span> <span class='ocrx_word' id='word_1_168' title='bbox 1169 1613 1265 1648; x_wconf 88' lang='lat' dir='ltr'>quas</span> <span class='ocrx_word' id='word_1_169' title='bbox 1296 1599 1477 1646; x_wconf 83' lang='lat' dir='ltr'>diximus,</span> <span class='ocrx_word' id='word_1_170' title='bbox 1513 1602 1670 1638; x_wconf 76' lang='lat' dir='ltr'>caesuris</span> 
     </span>
     <span class='ocr_line' id='line_1_21' title="bbox 164 1666 1672 1717; baseline 0.001 -13"><span class='ocrx_word' id='word_1_171' title='bbox 164 1666 327 1705; x_wconf 84' lang='lat' dir='ltr'>secundi</span> <span class='ocrx_word' id='word_1_172' title='bbox 373 1669 412 1703; x_wconf 88' lang='lat' dir='ltr'>et</span> <span class='ocrx_word' id='word_1_173' title='bbox 453 1667 584 1716; x_wconf 87' lang='lat' dir='ltr'>quinti</span> <span class='ocrx_word' id='word_1_174' title='bbox 624 1667 757 1717; x_wconf 82' lang='lat' dir='ltr'>pedis3</span> <span class='ocrx_word' id='word_1_175' title='bbox 798 1667 845 1704; x_wconf 90' lang='lat' dir='ltr'>de</span> <span class='ocrx_word' id='word_1_176' title='bbox 883 1668 953 1704; x_wconf 88' lang='lat' dir='ltr'>illa</span> <span class='ocrx_word' id='word_1_177' title='bbox 990 1667 1069 1704; x_wconf 85' lang='lat' dir='ltr'>vid.</span> <span class='ocrx_word' id='word_1_178' title='bbox 1102 1667 1260 1704; x_wconf 74' lang='lat' dir='ltr'>Muller.</span> <span class='ocrx_word' id='word_1_179' title='bbox 1298 1681 1337 1717; x_wconf 91' lang='lat' dir='ltr'>p.</span> <span class='ocrx_word' id='word_1_180' title='bbox 1373 1668 1473 1714; x_wconf 87' lang='lat'>511,</span> <span class='ocrx_word' id='word_1_181' title='bbox 1514 1667 1562 1704; x_wconf 89' lang='lat' dir='ltr'>de</span> <span class='ocrx_word' id='word_1_182' title='bbox 1600 1668 1672 1705; x_wconf 86' lang='lat' dir='ltr'>hac</span> 
     </span>
     <span class='ocr_line' id='line_1_22' title="bbox 164 1734 1672 1786; baseline 0.001 -14"><span class='ocrx_word' id='word_1_183' title='bbox 164 1734 347 1784; x_wconf 87' lang='lat' dir='ltr'>Spengel.</span> <span class='ocrx_word' id='word_1_184' title='bbox 379 1748 418 1785; x_wconf 93' lang='lat' dir='ltr'>p.</span> <span class='ocrx_word' id='word_1_185' title='bbox 453 1736 553 1782; x_wconf 76' lang='lat'>235,</span> <span class='ocrx_word' id='word_1_186' title='bbox 586 1734 700 1772; x_wconf 77' lang='lat' dir='ltr'>Mull.</span> <span class='ocrx_word' id='word_1_187' title='bbox 736 1736 828 1772; x_wconf 77' lang='lat'><strong>526.</strong></span> <span class='ocrx_word' id='word_1_188' title='bbox 890 1735 1015 1773; x_wconf 84' lang='lat' dir='ltr'>Addit</span> <span class='ocrx_word' id='word_1_189' title='bbox 1045 1735 1193 1772; x_wconf 75' lang='lat' dir='ltr'>Muller</span> <span class='ocrx_word' id='word_1_190' title='bbox 1222 1749 1261 1785; x_wconf 88' lang='lat' dir='ltr'>p.</span> <span class='ocrx_word' id='word_1_191' title='bbox 1297 1736 1396 1782; x_wconf 79' lang='lat'>536,</span> <span class='ocrx_word' id='word_1_192' title='bbox 1430 1735 1548 1772; x_wconf 90' lang='lat' dir='ltr'>etiam</span> <span class='ocrx_word' id='word_1_193' title='bbox 1578 1740 1672 1786; x_wconf 87' lang='lat' dir='ltr'>post</span> 
     </span>
     <span class='ocr_line' id='line_1_23' title="bbox 165 1801 1672 1853; baseline 0.001 -14"><span class='ocrx_word' id='word_1_194' title='bbox 165 1805 352 1853; x_wconf 86' lang='lat' dir='ltr'>quartum</span> <span class='ocrx_word' id='word_1_195' title='bbox 396 1803 571 1840; x_wconf 87' lang='lat' dir='ltr'>iambum</span> <span class='ocrx_word' id='word_1_196' title='bbox 615 1803 815 1841; x_wconf 89' lang='lat' dir='ltr'>interdum</span> <span class='ocrx_word' id='word_1_197' title='bbox 857 1802 970 1840; x_wconf 90' lang='lat' dir='ltr'>finito</span> <span class='ocrx_word' id='word_1_198' title='bbox 1008 1803 1200 1841; x_wconf 88' lang='lat' dir='ltr'>vocabulo</span> <span class='ocrx_word' id='word_1_199' title='bbox 1238 1801 1408 1850; x_wconf 87' lang='lat' dir='ltr'>hiari*);</span> <span class='ocrx_word' id='word_1_200' title='bbox 1455 1803 1525 1840; x_wconf 88' lang='lat' dir='ltr'>sed</span> <span class='ocrx_word' id='word_1_201' title='bbox 1564 1803 1672 1853; x_wconf 91' lang='lat' dir='ltr'>quod</span> 
     </span>
     <span class='ocr_line' id='line_1_24' title="bbox 164 1870 1673 1921; baseline 0 -13"><span class='ocrx_word' id='word_1_202' title='bbox 164 1871 257 1908; x_wconf 88' lang='lat' dir='ltr'>inde</span> <span class='ocrx_word' id='word_1_203' title='bbox 289 1870 421 1918; x_wconf 79' lang='lat' dir='ltr'>efficit,</span> <span class='ocrx_word' id='word_1_204' title='bbox 455 1884 535 1909; x_wconf 90' lang='lat' dir='ltr'>non</span> <span class='ocrx_word' id='word_1_205' title='bbox 567 1884 723 1909; x_wconf 87' lang='lat' dir='ltr'>caesurae</span> <span class='ocrx_word' id='word_1_206' title='bbox 754 1872 879 1920; x_wconf 88' lang='lat' dir='ltr'>magis</span> <span class='ocrx_word' id='word_1_207' title='bbox 910 1873 1039 1921; x_wconf 85' lang='lat' dir='ltr'>gratia</span> <span class='ocrx_word' id='word_1_208' title='bbox 1061 1872 1135 1908; x_wconf 90' lang='lat' dir='ltr'>hoc</span> <span class='ocrx_word' id='word_1_209' title='bbox 1160 1872 1291 1918; x_wconf 87' lang='lat' dir='ltr'>licere,</span> <span class='ocrx_word' id='word_1_210' title='bbox 1325 1871 1538 1921; x_wconf 78' lang='lat' dir='ltr'>quamnbi</span> <span class='ocrx_word' id='word_1_211' title='bbox 1562 1871 1673 1908; x_wconf 88' lang='lat' dir='ltr'>nulla.</span> 
     </span>
     <span class='ocr_line' id='line_1_25' title="bbox 167 1938 1673 1989; baseline -0.001 -13"><span class='ocrx_word' id='word_1_212' title='bbox 167 1952 317 1977; x_wconf 86' lang='lat' dir='ltr'>caesura</span> <span class='ocrx_word' id='word_1_213' title='bbox 347 1940 410 1986; x_wconf 90' lang='lat' dir='ltr'>sit,</span> <span class='ocrx_word' id='word_1_214' title='bbox 442 1939 485 1976; x_wconf 88' lang='lat' dir='ltr'>id</span> <span class='ocrx_word' id='word_1_215' title='bbox 516 1939 698 1977; x_wconf 90' lang='lat' dir='ltr'>concludi</span> <span class='ocrx_word' id='word_1_216' title='bbox 728 1953 808 1977; x_wconf 90' lang='lat' dir='ltr'>non</span> <span class='ocrx_word' id='word_1_217' title='bbox 838 1943 980 1989; x_wconf 88' lang='lat' dir='ltr'>potest.</span> <span class='ocrx_word' id='word_1_218' title='bbox 1043 1938 1083 1976; x_wconf 87' lang='lat' dir='ltr'>Si</span> <span class='ocrx_word' id='word_1_219' title='bbox 1114 1940 1260 1987; x_wconf 89' lang='lat' dir='ltr'>integri</span> <span class='ocrx_word' id='word_1_220' title='bbox 1290 1944 1382 1977; x_wconf 87' lang='lat' dir='ltr'>sunt</span> <span class='ocrx_word' id='word_1_221' title='bbox 1413 1940 1479 1976; x_wconf 90' lang='lat' dir='ltr'>isti</span> <span class='ocrx_word' id='word_1_222' title='bbox 1511 1939 1598 1986; x_wconf 88' lang='lat' dir='ltr'>loci,</span> <span class='ocrx_word' id='word_1_223' title='bbox 1631 1938 1673 1975; x_wconf 89' lang='lat' dir='ltr'>id</span> 
     </span>
     <span class='ocr_line' id='line_1_26' title="bbox 164 2006 1673 2058; baseline 0 -14"><span class='ocrx_word' id='word_1_224' title='bbox 164 2008 298 2057; x_wconf 88' lang='lat' dir='ltr'>potius</span> <span class='ocrx_word' id='word_1_225' title='bbox 329 2006 568 2057; x_wconf 89' lang='lat' dir='ltr'>probabunt,</span> <span class='ocrx_word' id='word_1_226' title='bbox 600 2007 722 2045; x_wconf 85' lang='lat' dir='ltr'>talem</span> <span class='ocrx_word' id='word_1_227' title='bbox 754 2021 909 2058; x_wconf 87' lang='lat' dir='ltr'>quoque</span> <span class='ocrx_word' id='word_1_228' title='bbox 935 2021 1072 2045; x_wconf 88' lang='lat' dir='ltr'>versus</span> <span class='ocrx_word' id='word_1_229' title='bbox 1097 2007 1343 2055; x_wconf 82' lang='lat' dir='ltr'>divisionem,</span> <span class='ocrx_word' id='word_1_230' title='bbox 1370 2010 1462 2057; x_wconf 85' lang='lat' dir='ltr'>post</span> <span class='ocrx_word' id='word_1_231' title='bbox 1486 2010 1673 2057; x_wconf 85' lang='lat' dir='ltr'>quartum</span> 
     </span>
     <span class='ocr_line' id='line_1_27' title="bbox 165 2075 1140 2126; baseline 0.001 -14"><span class='ocrx_word' id='word_1_232' title='bbox 165 2075 317 2124; x_wconf 81' lang='lat' dir='ltr'>pedem,</span> <span class='ocrx_word' id='word_1_233' title='bbox 349 2089 430 2114; x_wconf 91' lang='lat' dir='ltr'>non</span> <span class='ocrx_word' id='word_1_234' title='bbox 461 2075 671 2113; x_wconf 85' lang='lat' dir='ltr'>admodum</span> <span class='ocrx_word' id='word_1_235' title='bbox 702 2075 911 2113; x_wconf 86' lang='lat' dir='ltr'>offendisse</span> <span class='ocrx_word' id='word_1_236' title='bbox 943 2076 1140 2126; x_wconf 87' lang='lat' dir='ltr'>antiquos.</span> 
     </span>
    </p>
   </div>
   <div class='ocr_carea' id='block_1_3' title="bbox 601 2189 1246 2239">
    <p class='ocr_par' dir='ltr' id='par_1_3' title="bbox 601 2189 1246 2239">
     <span class='ocr_line' id='line_1_28' title="bbox 601 2189 1246 2239; baseline 0 -12"><span class='ocrx_word' id='word_1_237' title='bbox 601 2189 927 2239; x_wconf 85' lang='lat' dir='ltr'>Septenarius</span> <span class='ocrx_word' id='word_1_238' title='bbox 958 2189 1246 2228; x_wconf 85' lang='lat' dir='ltr'>trochaicus</span> 
     </span>
    </p>
   </div>
   <div class='ocr_carea' id='block_1_4' title="bbox 166 2278 1674 2737">
    <p class='ocr_par' dir='ltr' id='par_1_4' title="bbox 166 2278 1674 2737">
     <span class='ocr_line' id='line_1_29' title="bbox 167 2278 1673 2330; baseline 0 -14"><span class='ocrx_word' id='word_1_239' title='bbox 167 2292 190 2316; x_wconf 88' lang='lat' dir='ltr'>a</span> <span class='ocrx_word' id='word_1_240' title='bbox 219 2278 408 2316; x_wconf 87' lang='lat' dir='ltr'>Romanis</span> <span class='ocrx_word' id='word_1_241' title='bbox 441 2279 665 2327; x_wconf 84' lang='lat' dir='ltr'>dicebatur,</span> <span class='ocrx_word' id='word_1_242' title='bbox 699 2281 768 2330; x_wconf 91' lang='lat' dir='ltr'>qui</span> <span class='ocrx_word' id='word_1_243' title='bbox 798 2280 944 2318; x_wconf 81' lang='lat' dir='ltr'>Graecis</span> <span class='ocrx_word' id='word_1_244' title='bbox 975 2283 1211 2317; x_wconf 85' lang='lat' dir='ltr'>tetrameter</span> <span class='ocrx_word' id='word_1_245' title='bbox 1241 2279 1466 2317; x_wconf 87' lang='lat' dir='ltr'>trochaicus</span> <span class='ocrx_word' id='word_1_246' title='bbox 1506 2279 1673 2316; x_wconf 88' lang='lat' dir='ltr'>catalec-</span> 
     </span>
     <span class='ocr_line' id='line_1_30' title="bbox 166 2347 1674 2397; baseline 0.001 -14"><span class='ocrx_word' id='word_1_247' title='bbox 166 2347 268 2384; x_wconf 88' lang='lat' dir='ltr'>ticus</span> <span class='ocrx_word' id='word_1_248' title='bbox 314 2350 416 2394; x_wconf 85' lang='lat' dir='ltr'>erat,</span> <span class='ocrx_word' id='word_1_249' title='bbox 459 2351 562 2385; x_wconf 88' lang='lat' dir='ltr'>teste</span> <span class='ocrx_word' id='word_1_250' title='bbox 594 2347 780 2386; x_wconf 88' lang='lat' dir='ltr'>Cicerone</span> <span class='ocrx_word' id='word_1_251' title='bbox 812 2348 968 2385; x_wconf 87' lang='lat' dir='ltr'>Tuscul.</span> <span class='ocrx_word' id='word_1_252' title='bbox 1001 2348 1038 2394; x_wconf 94' lang='lat' dir='ltr'>I,</span> <span class='ocrx_word' id='word_1_253' title='bbox 1073 2348 1146 2395; x_wconf 88' lang='grc'>44,</span> <span class='ocrx_word' id='word_1_254' title='bbox 1184 2349 1283 2395; x_wconf 78' lang='lat'>1073</span> <span class='ocrx_word' id='word_1_255' title='bbox 1331 2347 1567 2397; x_wconf 86' lang='lat' dir='ltr'>quadratum</span> <span class='ocrx_word' id='word_1_256' title='bbox 1607 2347 1674 2384; x_wconf 90' lang='lat' dir='ltr'>alii</span> 
     </span>
     <span class='ocr_line' id='line_1_31' title="bbox 166 2414 1673 2466; baseline -0.001 -14"><span class='ocrx_word' id='word_1_257' title='bbox 166 2414 435 2464; x_wconf 84' lang='lat' dir='ltr'>appellabant,</span> <span class='ocrx_word' id='word_1_258' title='bbox 467 2429 504 2453; x_wconf 91' lang='lat' dir='ltr'>v.</span> <span class='ocrx_word' id='word_1_259' title='bbox 532 2415 632 2453; x_wconf 91' lang='lat' dir='ltr'>Gell.</span> <span class='ocrx_word' id='word_1_260' title='bbox 659 2416 708 2463; x_wconf 93' lang='lat' dir='ltr'>II,</span> <span class='ocrx_word' id='word_1_261' title='bbox 738 2417 803 2463; x_wconf 80' lang='lat'>29,</span> <span class='ocrx_word' id='word_1_262' title='bbox 834 2418 899 2454; x_wconf 80' lang='lat'>20.</span> <span class='ocrx_word' id='word_1_263' title='bbox 947 2416 1093 2453; x_wconf 88' lang='lat' dir='ltr'>Versus</span> <span class='ocrx_word' id='word_1_264' title='bbox 1125 2416 1231 2466; x_wconf 90' lang='lat' dir='ltr'>apud</span> <span class='ocrx_word' id='word_1_265' title='bbox 1261 2416 1505 2464; x_wconf 88' lang='lat' dir='ltr'>antiquiores</span> <span class='ocrx_word' id='word_1_266' title='bbox 1535 2418 1673 2464; x_wconf 88' lang='lat' dir='ltr'>poetas</span> 
     </span>
     <span class='ocr_line' id='line_1_32' title="bbox 167 2483 1674 2533; baseline -0.001 -13"><span class='ocrx_word' id='word_1_267' title='bbox 167 2484 341 2520; x_wconf 89' lang='lat' dir='ltr'>scenicos</span> <span class='ocrx_word' id='word_1_268' title='bbox 373 2484 491 2520; x_wconf 86' lang='lat' dir='ltr'>etiam</span> <span class='ocrx_word' id='word_1_269' title='bbox 523 2484 677 2520; x_wconf 87' lang='lat' dir='ltr'>senario</span> <span class='ocrx_word' id='word_1_270' title='bbox 710 2483 976 2533; x_wconf 84' lang='lat' dir='ltr'>frequentior,</span> <span class='ocrx_word' id='word_1_271' title='bbox 1018 2496 1114 2533; x_wconf 92' lang='lat' dir='ltr'>quo,</span> <span class='ocrx_word' id='word_1_272' title='bbox 1154 2483 1376 2533; x_wconf 89' lang='lat' dir='ltr'>ubicunque</span> <span class='ocrx_word' id='word_1_273' title='bbox 1416 2486 1484 2520; x_wconf 90' lang='lat' dir='ltr'>aut</span> <span class='ocrx_word' id='word_1_274' title='bbox 1516 2483 1674 2530; x_wconf 87' lang='lat' dir='ltr'>gravior</span> 
     </span>
     <span class='ocr_line' id='line_1_33' title="bbox 167 2550 1673 2601; baseline -0.001 -13"><span class='ocrx_word' id='word_1_275' title='bbox 167 2554 237 2588; x_wconf 87' lang='lat' dir='ltr'>aut</span> <span class='ocrx_word' id='word_1_276' title='bbox 282 2552 519 2589; x_wconf 85' lang='lat' dir='ltr'>commotior</span> <span class='ocrx_word' id='word_1_277' title='bbox 563 2564 690 2588; x_wconf 88' lang='lat' dir='ltr'>sermo</span> <span class='ocrx_word' id='word_1_278' title='bbox 731 2551 887 2589; x_wconf 88' lang='lat' dir='ltr'>futurus</span> <span class='ocrx_word' id='word_1_279' title='bbox 927 2554 1030 2598; x_wconf 89' lang='lat' dir='ltr'>erat,</span> <span class='ocrx_word' id='word_1_280' title='bbox 1070 2551 1303 2597; x_wconf 85' lang='lat' dir='ltr'>utebantur,</span> <span class='ocrx_word' id='word_1_281' title='bbox 1345 2550 1450 2601; x_wconf 88' lang='lat' dir='ltr'>apud</span> <span class='ocrx_word' id='word_1_282' title='bbox 1486 2550 1673 2587; x_wconf 86' lang='lat' dir='ltr'>Plautum</span> 
     </span>
     <span class='ocr_line' id='line_1_34' title="bbox 168 2618 1674 2669; baseline -0.001 -13"><span class='ocrx_word' id='word_1_283' title='bbox 168 2618 326 2669; x_wconf 87' lang='lat' dir='ltr'>quidem</span> <span class='ocrx_word' id='word_1_284' title='bbox 375 2619 565 2667; x_wconf 86' lang='lat' dir='ltr'>singulari</span> <span class='ocrx_word' id='word_1_285' title='bbox 611 2620 740 2667; x_wconf 85' lang='lat' dir='ltr'>gratia</span> <span class='ocrx_word' id='word_1_286' title='bbox 784 2619 975 2669; x_wconf 79' lang='lat' dir='ltr'>praeditus</span> <span class='ocrx_word' id='word_1_287' title='bbox 1017 2622 1056 2656; x_wconf 86' lang='lat' dir='ltr'>et</span> <span class='ocrx_word' id='word_1_288' title='bbox 1096 2619 1299 2669; x_wconf 86' lang='lat' dir='ltr'>aliquanto</span> <span class='ocrx_word' id='word_1_289' title='bbox 1340 2632 1457 2668; x_wconf 90' lang='lat' dir='ltr'>quam</span> <span class='ocrx_word' id='word_1_290' title='bbox 1496 2618 1674 2655; x_wconf 82' lang='lat' dir='ltr'>senarius</span> 
     </span>
     <span class='ocr_line' id='line_1_35' title="bbox 166 2685 1674 2737; baseline -0.001 -13"><span class='ocrx_word' id='word_1_291' title='bbox 166 2686 321 2736; x_wconf 84' lang='lat' dir='ltr'>legibus</span> <span class='ocrx_word' id='word_1_292' title='bbox 347 2686 586 2724; x_wconf 88' lang='lat' dir='ltr'>adstrictior.</span> <span class='ocrx_word' id='word_1_293' title='bbox 641 2686 825 2737; x_wconf 89' lang='lat' dir='ltr'>Dipodiis</span> <span class='ocrx_word' id='word_1_294' title='bbox 856 2687 1093 2724; x_wconf 88' lang='lat' dir='ltr'>describitur</span> <span class='ocrx_word' id='word_1_295' title='bbox 1124 2690 1163 2724; x_wconf 90' lang='lat' dir='ltr'>et</span> <span class='ocrx_word' id='word_1_296' title='bbox 1194 2690 1286 2736; x_wconf 89' lang='lat' dir='ltr'>post</span> <span class='ocrx_word' id='word_1_297' title='bbox 1318 2686 1529 2724; x_wconf 89' lang='lat' dir='ltr'>secundam</span> <span class='ocrx_word' id='word_1_298' title='bbox 1562 2685 1674 2734; x_wconf 86' lang='lat' dir='ltr'>dipo-</span> 
     </span>
    </p>
   </div>
   <div class='ocr_carea' id='block_1_5' title="bbox 169 2786 443 2790">
    <p class='ocr_par' dir='ltr' id='par_1_5' title="bbox 169 2786 443 2790">
     <span class='ocr_line' id='line_1_36' title="bbox 169 2786 443 2790; baseline 0 0"><span class='ocrx_word' id='word_1_299' title='bbox 169 2786 443 2790; x_wconf 95' lang='lat' dir='ltr'> </span> 
     </span>
    </p>
   </div>
   <div class='ocr_carea' id='block_1_6' title="bbox 202 2828 1261 2875">
    <p class='ocr_par' dir='ltr' id='par_1_6' title="bbox 202 2828 1261 2875">
     <span class='ocr_line' id='line_1_37' title="bbox 202 2828 1261 2875; baseline -0.001 -11"><span class='ocrx_word' id='word_1_300' title='bbox 202 2829 236 2873; x_wconf 92' lang='lat'>*)</span> <span class='ocrx_word' id='word_1_301' title='bbox 264 2829 315 2864; x_wconf 82' lang='lat' dir='ltr'>Cf.</span> <span class='ocrx_word' id='word_1_302' title='bbox 341 2830 453 2864; x_wconf 87' lang='lat' dir='ltr'>etiam</span> <span class='ocrx_word' id='word_1_303' title='bbox 477 2829 604 2864; x_wconf 86' lang='lat' dir='ltr'>Luchs</span> <span class='ocrx_word' id='word_1_304' title='bbox 628 2829 667 2864; x_wconf 90' lang='lat' dir='ltr'>in</span> <span class='ocrx_word' id='word_1_305' title='bbox 692 2828 935 2865; x_wconf 87' lang='lat' dir='ltr'>Studemund.</span> <span class='ocrx_word' id='word_1_306' title='bbox 963 2828 1066 2864; x_wconf 79' lang='lat' dir='ltr'>Stud.</span> <span class='ocrx_word' id='word_1_307' title='bbox 1094 2829 1121 2873; x_wconf 95' lang='lat' dir='ltr'>I,</span> <span class='ocrx_word' id='word_1_308' title='bbox 1146 2842 1181 2875; x_wconf 91' lang='lat' dir='ltr'>p.</span> <span class='ocrx_word' id='word_1_309' title='bbox 1209 2831 1261 2865; x_wconf 85' lang='lat'>23.</span> 
     </span>
    </p>
   </div>
  </div>
 </body>
</html>
