1926 3275
195 310 241 354 H,
255 311 287 353 3,
304 311 425 353 17—4,
438 311 460 344 5
855 306 1035 342 Asinaria.
1615 307 1635 346 1
1642 308 1666 346 Ο
1673 307 1693 346 1

811 433 1083 475 Mercator

582 505 737 547 Asinos
766 504 967 546 uendidit
995 503 1170 545 Pellaeo
1201 502 1435 544 mercatori

192 579 402 621 Mercatu.

829 647 1063 688 Libanus

297 721 414 773 Scio;
432 725 480 763 tu
496 720 541 762 id
556 733 671 761 nunc
686 718 851 761 refers‘?
884 719 974 760 Iam
991 718 1062 759 hic
1080 718 1209 760 credo
1228 732 1325 759 eum
1342 716 1605 758 adfuturum.
1632 721 1699 755 395

812 790 1086 832 Mercator

197 865 291 916 Qua
320 864 433 906 facie
464 867 614 906 uoster
645 862 883 905 Saureast‘?
913 885 971 890 ——-
1003 861 1048 902 Si
1077 861 1114 902 is
1147 864 1232 912 est,
1269 861 1356 902 iam
1386 860 1498 902 scire
1530 864 1698 914 potero.

830 933 1065 975 Libanus

195 1007 445 1051 Macilentis
475 1007 612 1058 malis,
642 1006 823 1057 rufulus,
855 1005 1130 1059 aliquantum
1158 1004 1418 1055 uentriosus‚

196 1080 472 1123 Truculentis
505 1078 655 1130 oculis,
688 1077 917 1120 commoda
947 1080 1128 1127 statura,
1160 1075 1278 1117 tristi
1308 1074 1465 1117 fronte.

816 1149 1088 1190 Mercator

197 1224 295 1266 Non
324 1222 468 1277 potuit
497 1222 639 1276 pictor
668 1220 831 1262 rectius
863 1220 1110 1261 describere
1142 1219 1235 1260 eius
1265 1218 1462 1260 formam.

197 1295 341 1350 Atque
385 1293 533 1336 hercle
578 1293 722 1347 ipsum
766 1291 875 1334 adeo
922 1296 1125 1343 contuor3
1177 1290 1405 1345 quassanti
1451 1289 1594 1343 capite
1639 1289 1702 1330 in-

1158 1361 1292 1413 cedit;
1636 1360 1704 1393 400

200 1437 392 1492 Quisque
423 1436 599 1479 obuiam
628 1436 730 1478 huic
762 1435 997 1477 occesserit
1027 1435 1154 1486 irato,
1188 1432 1430 1487 uapulabit.

201 1509 248 1551 Si
277 1508 454 1564 quidem
482 1507 631 1550 hercle
654 1507 902 1549 Aeacidinis
932 1506 1060 1547 minis
1088 1505 1329 1559 animisque
1354 1503 1552 1558 expletus
1578 1501 1703 1554 cedit,

201 1580 247 1623 Si
275 1581 377 1622 med
404 1580 543 1621 iratus
574 1579 782 1633 tetigerit,
814 1578 952 1619 iratus
985 1576 1225 1631 uapulabit.

313 1835 569 1878 LEONIDA
626 1833 883 1885 LIBANUS,
915 1832 1098 1874 SERUI.
1160 1828 1595 1873 CHLAMYDATUS.

841 1934 1076 1977 Leonida

207 2009 320 2061 Quid
349 2009 433 2051 hoc
464 2012 530 2050 est
559 2008 718 2061 negoti,
747 2007 964 2048 neminem
994 2019 1138 2047 meum
1168 2004 1332 2046 dictum
1363 2002 1510 2056 magni
1532 2001 1707 2043 facere?

205 2081 423 2123 Libanum
451 2080 497 2121 in
527 2079 788 2121 tonstrinam
818 2079 1026 2120 iusseram
1060 2077 1224 2127 uenire,
1250 2076 1287 2117 is
1310 2074 1453 2116 nullus
1475 2074 1608 2115 uenit.
1641 2079 1709 2112 405

206 2153 271 2195 Ne
301 2153 375 2194 ine
408 2150 561 2205 edepol
590 2154 715 2204 tergo
747 2154 791 2192 et
823 2149 1020 2191 cruribus
1053 2147 1270 2189 consuluit
1299 2146 1418 2187 haud
1450 2146 1619 2187 decore.

239 2277 244 2282 ⁸
827 2221 1097 2262 Mercator

207 2295 343 2338 Nimis
374 2294 649 2348 inperiosust.

842 2362 1079 2404 Libanus

662 2434 756 2477 Uae
786 2434 893 2475 mihi
924 2434 1068 2475 hodie.

843 2504 1080 2547 Leonida

1077 2574 1256 2616 Saluero
1287 2573 1392 2614 iussi

210 2652 426 2693 Libanum
456 2649 690 2691 libertum?
720 2648 814 2690 Iam
843 2662 975 2689 manu
1007 2645 1250 2688 emissus's‘?

303 2820 372 2853 400
396 2818 595 2863 quansanti
693 2818 757 2850 401
784 2816 856 2850 huc
956 2817 1023 2848 402
1048 2813 1252 2848 eachidinis
1324 2813 1503 2854 animusq.
1575 2809 1715 2844 incedit

213 2876 280 2910 403
306 2874 406 2908 Sime
465 2876 533 2908 404
554 2873 671 2916 QUID
691 2872 862 2907 HOSSIT
882 2872 1028 2916 negocii
1087 2871 1154 2904 405
1174 2874 1214 2904 ut
1234 2871 1411 2904 iusseram
1469 2869 1536 2901 408
1562 2867 1713 2901 emissus
