1926 3275
776 323 817 357 V.
845 324 987 357 59—72.
1552 327 1574 364 2
1581 327 1630 365 41

132 467 203 503 per
232 456 356 489 totam
389 466 564 499 caveam,
599 453 622 489 i.
659 466 691 489 e.
724 465 796 502 per
828 466 963 489 omnes
1002 453 1313 502 spectaculorum
1352 452 1515 501 gradus,
1556 454 1633 489 sin-

131 522 225 571 gula
263 521 447 558 subsellia
486 522 726 558 circumeant
763 524 820 566 et,
867 521 900 557 si
946 534 1060 570 quem
1106 524 1368 569 spectatorem
1412 522 1635 558 invenerint

133 593 237 627 certo
284 590 400 627 alicui
440 589 628 626 histrioni
669 590 774 626 ultra
815 603 931 638 quam
972 603 1140 638 aequum
1186 590 1239 626 sit
1284 589 1499 636 faventem,
1547 602 1635 626 eum

130 659 216 708 lege
248 660 465 696 coerceant.
526 657 634 694 Fieri
665 658 738 695 1100
768 671 898 707 posse,
933 658 965 695 si
997 671 1066 707 per
1096 658 1273 707 pignoris
1306 659 1509 707 capionem
1543 669 1633 705 aga-

130 730 214 773 tur,
261 730 305 763 ut
348 729 442 775 toga
486 739 559 774 pro
613 726 776 775 pignore
831 729 1009 775 capiatur
1062 739 1131 763 nec
1184 727 1261 762 nisi
1314 726 1483 775 probata
1529 725 1634 775 apud

130 795 280 832 iudices
313 808 427 832 causa
458 796 704 831 restituatur.
765 794 922 831 Etenim
960 796 999 830 in
1039 794 1197 830 theatro
1237 807 1316 831 non
1355 796 1484 830 minus
1516 807 1631 842 quam

128 865 169 900 in
194 864 360 900 comitiis
383 863 682 911 magistratuum
708 863 967 899 creandorum
992 863 1162 899 ambitus
1188 862 1293 911 leges
1319 862 1451 899 valere
1470 862 1629 906 debere,

131 935 169 968 et
201 931 436 968 coercendos
468 944 549 967 esse
573 934 654 967 tam
680 933 746 979 qui
779 931 855 980 ipsi
887 931 1112 977 ambierint,
1147 944 1263 979 quam
1296 933 1363 979 qui
1393 930 1538 967 litteris
1565 933 1633 966 aut

130 999 386 1035 internuntiis
416 1001 477 1036 usi
511 999 602 1035 sint.
634 1019 690 1023 —
729 994 1044 1047 Cowsqm'sfiz‘ores
1077 999 1281 1045 dicuntur,
1317 998 1382 1047 qui
1414 998 1560 1034 milites
1593 999 1632 1034 in

130 1067 343 1103 exercitum
377 1068 633 1116 conquirunt,
675 1069 741 1116 qui
781 1079 915 1103 servos
953 1067 1142 1116 fugitivos
1184 1071 1252 1104 aut
1284 1067 1441 1104 omnino
1477 1065 1632 1102 abditas

129 1149 191 1172 res
222 1136 484 1184 investigant,
517 1149 553 1172 v.
586 1135 706 1171 Merc.
742 1136 841 1171 656:
888 1134 962 1181 „ad
993 1140 1217 1184 praetorem
1256 1136 1346 1172 ilico
1386 1135 1470 1180 ibo,
1512 1134 1631 1171 orabo

128 1207 173 1240 ut
204 1205 493 1253 conquisitores
533 1203 599 1240 det
635 1203 732 1240 mihi
772 1203 813 1239 in
844 1204 942 1239 uicis
976 1202 1200 1240 omnibus⁴‘.
1263 1203 1445 1240 Ceterum
1487 1206 1525 1239 et
1564 1203 1633 1238 illo

128 1272 215 1308 loco
256 1275 294 1308 et
332 1275 468 1309 nostro
509 1275 548 1307 et
585 1271 689 1308 infra
727 1285 762 1307 v.
799 1271 849 1307 82
892 1274 1061 1308 metrum
1100 1271 1275 1308 ostendit
1313 1275 1382 1308 aut
1427 1273 1633 1319 „conquis-

128 1338 258 1376 tores“
295 1340 542 1377 scribendum
577 1353 679 1385 esse,
720 1343 765 1376 ut
804 1343 843 1375 et
882 1339 946 1376 alii
990 1343 1029 1376 et
1060 1340 1292 1376 Fleckeisen
1331 1340 1528 1384 fecerunt,
1566 1342 1633 1375 aut

134 1406 502 1456 „conquaestores‘ss
534 1411 579 1445 ut
609 1407 905 1444 Lachmannum
945 1407 995 1444 ad
1027 1408 1184 1445 Lucret.
1217 1408 1289 1454 VI,
1328 1408 1434 1445 1067
1476 1410 1633 1444 secutus

129 1475 380 1513 Ritschelius.
419 1496 477 1500 —-
512 1472 682 1525 Sinfflda
721 1490 768 1512 ex
807 1476 891 1512 cod.
925 1475 958 1512 D
990 1475 1141 1513 Ritsch.
1174 1476 1335 1524 Parerg.
1377 1489 1414 1525 p.
1451 1477 1544 1512 221.
1582 1495 1630 1499 -

132 1544 195 1580 67.
227 1541 454 1594 faustam-Q
499 1547 662 1593 antiqua
702 1544 828 1581 forma
867 1544 1115 1581 restituenda
1157 1547 1259 1590 erat,
1300 1546 1484 1592 quoniam
1526 1547 1633 1580 extat

129 1624 164 1648 v.
192 1613 243 1649 78
270 1616 307 1649 et
334 1614 398 1649 79.
423 1632 480 1638 --
504 1610 549 1649 ἶφι
580 1622 716 1657 cauea,
749 1614 790 1649 in
815 1612 971 1648 theatro
1004 1615 1091 1662 ipso
1124 1613 1374 1661 omniumque
1407 1615 1631 1661 conspectu.

246 1681 311 1717 69.
343 1680 491 1718 1111100
530 1694 647 1717 versu
685 1681 716 1716 si
754 1681 907 1717 numeri
947 1680 1022 1717 soli
1063 1681 1238 1729 corrupti
1278 1683 1425 1726 essent,
1467 1680 1634 1716 fortasse

129 1749 368 1798 probaretur
399 1748 532 1785 Guieti
572 1749 849 1798 transpositio:
896 1748 1009 1794 „Siue
1042 1749 1256 1785 ambissent
1288 1746 1402 1797 qui“;
1443 1747 1510 1784 sed
1549 1761 1633 1783 eam

131 1817 364 1865 corruptelae
404 1817 686 1865 suspicionem,
721 1830 837 1866 quam
869 1820 1029 1853 movent
1062 1820 1252 1865 quattuor
1288 1829 1422 1853 versus
1455 1816 1632 1852 continui

130 1886 177 1922 ab
212 1885 347 1922 eodem
379 1885 570 1921 vocabulo
609 1886 859 1934 incipientes,
902 1886 1108 1921 sententiae
1148 1885 1250 1921 ratio
1290 1884 1511 1929 confirmat,
1546 1896 1631 1932 quse

129 1954 258 2002 primo
298 1953 455 2002 quidem
495 1953 582 1989 1000
622 1953 859 2002 particulam
903 1951 1042 1998 „Siue“
1078 1955 1143 1989 vix
1175 1955 1340 2002 patitur.
1402 1952 1486 1988 Hoc
1517 1952 1632 1988 intel-

130 2021 227 2058 lexit
250 2022 322 2068 Fl.,
357 2023 424 2070 qui
457 2021 516 2058 ed.
556 2021 680 2067 „Nam
714 2022 746 2057 si
780 2023 847 2070 qui
878 2021 1051 2070 palmam
1087 2018 1335 2057 ambissint“.
1382 2020 1474 2057 Veri
1509 2020 1632 2056 simile

129 2089 288 2126 videtur
328 2103 412 2127 voc.
447 2085 547 2127 Sine
587 2102 718 2125 errore
758 2103 804 2126 ex
842 2090 1021 2138 proximo
1058 2102 1174 2125 versu
1208 2090 1429 2138 irrepsisse.
1463 2109 1518 2113 —
1549 2099 1632 2125 am-

131 2153 303 2203 bissint,
339 2160 362 2194 i.
396 2172 427 2194 e.
461 2158 694 2203 ambierint,
728 2157 978 2194 scribendum
1011 2171 1094 2194 esse
1127 2160 1166 2193 et
1195 2157 1258 2193 hic
1291 2161 1329 2193 et
1359 2170 1394 2193 v.
1430 2158 1474 2193 71
1514 2156 1630 2193 Lam-

129 2225 244 2262 binus
275 2225 386 2271 vidit,
421 2227 603 2275 quoniam
631 2229 862 2274 sequeretur
886 2239 920 2262 v.
949 2226 999 2262 72
1038 2224 1217 2271 „duint“.
1264 2225 1360 2261 Post
1391 2225 1428 2261 h.
1461 2239 1496 2261 v.
1531 2226 1632 2261 exci-

131 2292 234 2329 disse
287 2293 437 2341 aliquid
490 2296 643 2331 numeri
698 2294 932 2339 ostendunt3
994 2293 1087 2330 dum
1147 2293 1311 2329 meliora
1364 2293 1630 2337 inveniantur,

131 2361 298 2411 exempli
332 2374 448 2398 causa
478 2363 595 2411 posui
626 2359 692 2399 Ml:
721 2359 824 2399 Siue.
857 2382 912 2386 —
945 2362 1009 2398 70.
1045 2357 1146 2398 Sim?
1177 2361 1341 2397 fortasse
1379 2359 1503 2406 „Seu“
1539 2373 1631 2408 pro-

130 2428 406 2475 nuntiandum,
440 2444 530 2466 nam
562 2431 712 2478 primus
744 2443 879 2466 versus
911 2443 979 2478 pes
1013 2432 1071 2465 est
1107 2428 1221 2475 „Siue
1249 2427 1391 2477 quoi“;
1427 2428 1471 2465 cf.
1498 2431 1631 2464 tamen

131 2511 168 2534 v.
188 2498 238 2534 84
257 2501 295 2534 ct
311 2497 465 2546 Proleg.
484 2511 521 2546 p.
546 2499 635 2534 181.
653 2518 707 2521 ——
727 2499 791 2534 71.
813 2495 900 2545 ipsi
923 2497 1015 2533 olim
1041 2496 1310 2543 emendatum,
1337 2493 1409 2544 qni
1433 2509 1501 2532 nos
1527 2496 1631 2532 dele-

130 2566 277 2612 vimus,
304 2579 350 2602 ex
368 2565 617 2602 antecedenti
645 2578 756 2602 versu
782 2569 911 2601 ortum
936 2564 1159 2602 videbatur.
1178 2584 1235 2589 —-
1252 2566 1317 2602 72.
1335 2565 1412 2601 Pro
1432 2560 1632 2601 (leslil)2'les

133 2633 215 2671 cod.
241 2633 288 2671 D.
315 2633 344 2670 I.
372 2636 461 2670 cett.
489 2630 657 2680 aediles,
684 2633 799 2682 idque
825 2633 1000 2670 editores
1025 2633 1194 2681 amplexi
1221 2635 1324 2671 sunt.
1373 2632 1486 2678 Quod
1512 2645 1629 2681 quum

131 2701 349 2738 subiectum
392 2701 501 2738 verbi
547 2700 708 2750 „duint“
752 2701 972 2747 videretur,
1014 2714 1085 2749 pro
1125 2700 1278 2737 obiecto
1323 2698 1540 2750 „palmam“
1586 2714 1630 2736 ex

133 2782 167 2806 V.
202 2770 251 2805 69
285 2769 518 2814 audiebant3
562 2769 694 2805 aediles
733 2771 862 2815 aiunt,
906 2770 970 2818 qui
1004 2768 1107 2805 ludis
1145 2772 1376 2818 praeessent,
1411 2771 1560 2805 iurasse
1591 2781 1630 2803 se

132 2837 203 2882 illi,
237 2839 304 2885 qui
337 2837 484 2886 optime
516 2839 643 2884 egisse
676 2839 782 2874 visus
815 2841 927 2883 osset,
961 2837 1129 2886 palmam
1159 2836 1334 2873 daturos.
1383 2836 1496 2881 Quod
1529 2835 1630 2872 unde

133 2907 325 2950 noverint,
360 2907 509 2950 nesci03
543 2904 641 2941 illud
674 2904 842 2951 affirmo,
885 2907 950 2954 qui
990 2904 1090 2941 male
1123 2904 1352 2949 iudicarint,
1387 2916 1519 2939 eorum
1553 2916 1628 2938 uon

1320 2979 1358 3011 16
