1926 3275
753 313 796 347 v.
821 314 1012 347 470—503.
1554 317 1632 355 281

130 451 211 483 tam
243 446 321 483 sibi
351 444 564 494 fingebant,
596 444 673 480 iam
698 442 848 480 Becker
878 443 918 479 in
943 441 1132 488 Charicle‚
1158 441 1188 487 Ι,
1215 454 1252 490 p.
1281 442 1373 487 231,
1407 443 1504 479 satis
1535 443 1636 480 refu-

131 514 244 550 tavit.
275 533 331 538 --
370 513 465 550 493.
497 508 747 560 Amphitruo
788 506 1041 557 subditivus,
1083 510 1276 559 Iuppiter.
1315 529 1373 534 —
1411 510 1505 547 494.
1539 521 1637 548 usu-

131 578 259 629 raria,
293 582 403 617 cuius
434 593 595 617 usuram
627 579 752 616 solam
782 578 914 625 habet,
948 578 996 615 cf.
1031 578 1112 615 974
1145 582 1183 614 et
1219 578 1339 614 1151.
1367 597 1424 602 —-
1455 577 1637 616 Ceterum

131 661 268 686 versus
300 648 448 697 duplici
477 647 591 684 hiatu
621 647 800 693 laborat,
833 649 924 695 post
956 651 1059 694 cum,
1093 659 1209 696 quem
1241 646 1504 683 defenderunt.
1536 649 1637 684 eius-

132 716 238 754 modi
267 716 378 763 locis,
412 716 548 765 quales
579 719 671 752 sunt
697 715 810 764 Capt.
840 715 905 751 24.
938 714 1039 751 Rud.
1072 713 1191 760 1382,
1225 718 1264 751 et
1294 717 1386 763 post
1408 710 1639 753 Alcumena

131 786 173 821 in
198 797 357 821 caesura.
397 783 457 820 Fl.
476 783 640 820 liberius
657 783 884 832 rescripsit-z
915 782 1071 831 „Atque
1087 782 1307 819 Alcumena
1330 795 1407 818 una
1432 796 1531 819 uxor
1549 782 1637 830 u.⁴‘;

132 852 298 890 Muller:
336 851 484 898 „Simul
516 864 602 888 cum
633 843 679 888 Α.
713 864 784 888 3113
813 864 937 888 uxore
968 847 1033 887 u.“

248 1057 343 1093 495.
385 1055 633 1104 Colloquium
672 1054 776 1091 Iovis
823 1057 862 1090 et
906 1053 1101 1090 Alcmenae
1148 1054 1358 1091 trochaicis
1405 1057 1641 1104 septenariis

134 1125 336 1173 scriptum.
362 1143 419 1148 —-
442 1133 529 1160 rem
562 1132 827 1169 communem,
861 1135 912 1158 sc.
940 1125 1130 1168 nostram,
1165 1121 1434 1168 domesticam,
1470 1123 1638 1160 domum.

133 1211 190 1217 ——
228 1189 340 1241 quod
383 1194 422 1228 in
460 1193 548 1240 ipso
587 1190 672 1228 cod.
705 1190 737 1227 B
776 1189 1040 1226 emendatum.
1080 1209 1136 1214 —
1175 1190 1269 1226 496.
1303 1186 1440 1239 Atque
1478 1187 1642 1239 inperce

135 1260 334 1298 Camerar.
375 1259 610 1296 emendavit.
677 1257 839 1305 „Iubet“
884 1259 1014 1307 inquit
1061 1258 1254 1304 „vicinam
1300 1259 1433 1307 partui
1478 1272 1642 1308 parcere
1688 1276 1696 1283 -

135 1328 210 1365 sibi
249 1332 289 1365 et
327 1339 464 1376 gerere
504 1327 735 1374 diligentem
776 1339 908 1363 curam
949 1327 1126 1375 corporis
1167 1326 1227 1362 sui
1267 1339 1394 1375 neque
1427 1326 1642 1376 quidquam

134 1396 282 1433 laboris
323 1399 392 1433 aut
427 1395 616 1432 molestiae
654 1394 724 1432 illo
766 1398 944 1444 tempore
985 1392 1226 1443 suscipere“.
1288 1394 1462 1430 Verbum
1509 1408 1642 1431 rarum

136 1468 244 1502 extat.
282 1463 409 1501 Casin.
452 1464 555 1500 776:
609 1464 812 1512 „integrae
858 1466 976 1511 atque
1020 1463 1229 1511 imperitae
1274 1462 1366 1498 huic
1405 1463 1640 1511 inpercit0⁴·.

135 1532 215 1570 Nec
240 1531 392 1578 dubito,
419 1532 514 1580 quin
539 1530 645 1568 Cam.
679 1544 836 1568 sensum
867 1530 942 1567 1001
974 1534 1080 1567 recte
1112 1531 1377 1576 intellexerit,
1411 1530 1478 1566 sed
1515 1531 1637 1577 „tibi”

137 1600 408 1646 desideratum
435 1613 557 1649 quare
581 1600 715 1648 potius
740 1599 857 1636 credo
882 1598 1152 1635 scribendum:
1186 1598 1262 1644 „At
1277 1597 1351 1634 tibi
1368 1597 1568 1647 inpe1·ce“.
1587 1619 1644 1624 -—

137 1670 232 1706 497.
259 1665 400 1714 tollito,
427 1667 584 1704 educari
607 1667 757 1714 iubeto,
782 1667 863 1704 noli
885 1680 1094 1716 exponere.
1128 1666 1204 1703 Res
1221 1670 1328 1702 nota.
1347 1686 1403 1690 —
1422 1668 1513 1703 501.
1535 1665 1646 1715 quod

135 1750 208 1786 pro
233 1736 419 1782 ablativo,
447 1745 524 1785 quo
550 1749 635 1772 cum
662 1733 690 1773 (ἶ
710 1736 963 1785 paragogico‚
992 1738 1229 1784 acceperunt
1250 1734 1488 1771 Ritschelius
1517 1733 1642 1781 (Neue

136 1804 314 1842 Excurse
345 1817 383 1854 p.
420 1802 488 1851 58)
530 1807 570 1840 et
600 1803 796 1851 Bergkius
834 1802 1035 1853 (Beitrage
1066 1817 1105 1852 p.
1142 1804 1191 1839 57
1225 1800 1322 1851 sq),
1356 1816 1404 1839 ne
1436 1816 1457 1838 a
1488 1803 1641 1850 vulgari

135 1873 220 1922 lege
254 1870 448 1919 (Madvig.
483 1870 549 1908 Gr.
583 1870 674 1908 Lat.
708 1869 728 1919 ξ
762 1873 842 1909 266
876 1869 974 1918 not.)
1016 1871 1180 1908 Plautus
1219 1872 1428 1907 recessisse
1466 1876 1641 1920 putetur,

138 1954 254 1990 quam
285 1944 442 1977 secutus
475 1944 535 1977 est
565 1940 705 1977 Bacch.
741 1940 840 1977 743:
888 1939 1009 1988 „quid
1039 1940 1125 1975 istis
1158 1938 1206 1975 ad
1237 1939 1367 1975 istunc
1406 1943 1516 1975 usust
1555 1953 1642 1975 con-

138 2009 298 2058 scriptis
337 2006 549 2044 modum‘?“
599 2007 742 2045 Pseud.
779 2009 849 2046 50:
898 2007 1048 2054 „Quam
1088 2006 1219 2044 subito
1259 2011 1422 2056 argento
1461 2009 1513 2044 mi
1552 2021 1644 2044 usus

137 2078 300 2114 inuento
346 2075 461 2113 siet‘².
525 2074 647 2123 (Men.
683 2077 784 2113 740:
837 2075 935 2122 „hoc
973 2089 1066 2112 usus
1104 2073 1272 2111 factost“
1319 2089 1430 2112 casus
1473 2075 1644 2112 discerni

138 2142 306 2194 nequit.)
367 2145 458 2182 Non
490 2144 618 2181 credo.
681 2144 780 2180 Nam
820 2144 967 2193 legitur
1005 2157 1083 2180 non
1122 2144 1249 2180 solum
1287 2143 1418 2192 „quod
1449 2143 1552 2180 facto
1587 2149 1645 2180 cst

140 2211 262 2263 opus“
298 2213 335 2249 h.
363 2213 388 2249 l.
423 2212 508 2249 Cas.
538 2213 630 2250 563.
670 2211 792 2248 Mero.
830 2213 908 2249 556
943 2215 981 2248 et
1017 2211 1149 2261 „quod
1180 2212 1286 2248 facto
1317 2224 1409 2247 usus
1442 2210 1518 2248 siff‘
1555 2212 1642 2248 Ter.

138 2281 233 2318 Hec.
269 2282 361 2327 878,
402 2280 533 2329 „quod
564 2281 689 2318 tacito
721 2293 814 2317 usus
846 2278 922 2316 siff*
959 2279 1094 2317 Cistel.
1134 2280 1232 2326 131,
1267 2279 1335 2315 sed
1368 2279 1482 2315 etiam
1522 2281 1645 2325 „istuc

140 2350 334 2398 exquisito
367 2362 466 2398 opus
498 2347 581 2385 esst
617 2349 720 2385 infra
752 2348 832 2386 622
866 2352 905 2385 et
937 2349 1030 2395 784,
1065 2351 1104 2384 et
1135 2349 1175 2384 in
1201 2347 1269 2384 SC.
1303 2346 1407 2396 apud
1433 2346 1510 2383 Cic.
1534 2346 1644 2384 Fani.

139 2416 245 2463 VIII,
281 2418 316 2463 8,
352 2419 393 2454 5;
447 2417 503 2463 ,,31
536 2416 633 2466 quid
665 2416 713 2453 de
746 2430 791 2453 ea
820 2430 862 2453 re
895 2415 944 2453 ad
975 2415 1168 2465 populum
1198 2415 1404 2465 plebemve
1436 2415 1516 2452 lato
1549 2428 1646 2465 opus

141 2483 282 2531 esset“,
315 2488 359 2521 ut
390 2498 548 2522 necesse
581 2486 632 2521 sit
663 2488 732 2521 aut
762 2485 1029 2521 nominativus
1061 2485 1113 2520 sit
1144 2487 1212 2519 aut
1237 2484 1494 2520 accusativus.
1542 2482 1645 2519 Illud

142 2553 209 2602 qui
248 2552 459 2589 defendere
501 2553 625 2599 volet,
658 2552 765 2589 Pers.
802 2553 879 2589 583
921 2551 1075 2588 afferet:
1124 2564 1299 2599 „opusne
1339 2554 1398 2586 est
1439 2550 1533 2586 haec
1573 2552 1646 2587 tibi

142 2619 326 2669 einpta?“
377 2620 455 2657 Sed
493 2634 583 2657 vere
622 2620 871 2657 emendatum
916 2619 1075 2656 videtur
1118 2617 1254 2665 „hac“.
1317 2618 1445 2664 Quare
1485 2618 1647 2654 liberius

143 2688 284 2725 obiecti
327 2702 461 2726 casum
501 2689 542 2724 in
580 2688 641 2725 his
680 2689 856 2737 positum
895 2687 1080 2724 arbitror.
1142 2687 1249 2723 Trin.
1285 2687 1385 2732 807,
1426 2686 1494 2723 ubi
1534 2687 1645 2723 codd.

148 2754 292 2806 „quo“,
333 2769 412 2793 non
451 2769 537 2793 cum
567 2755 614 2792 R.
653 2754 825 2805 „quod“,
865 2755 932 2792 sed
965 2768 1051 2791 cum
1084 2755 1141 2792 Fl.
1182 2753 1348 2804 „quonff
1385 2754 1645 2791 scribendum.

260 2825 361 2876 502.
391 2821 486 2873 „qui
516 2821 679 2873 quidem
710 2824 792 2860 fere
822 2823 925 2860 idem
966 2822 1172 2872 significat,
1217 2836 1259 2859 ac
1291 2823 1323 2859 31
1355 2822 1536 2858 dixisset:
1570 2836 1647 2858 11011

142 2892 284 2928 mirum
317 2896 386 2938 est,
420 2893 557 2928 scitum
585 2905 666 2928 esse
690 2891 793 2929 hunc
817 2891 1114 2941 sycophantam,
1141 2904 1259 2940 quum
1284 2892 1335 2927 sit
1360 2903 1467 2926 meus
1492 2888 1645 2938 pater“‚
