1926 3275
141 303 168 347 I,
187 307 214 348 1,
233 306 410 338 loo—123
773 305 1008 349 Amphitruo.
1598 312 1646 349 15

140 430 356 473 Postridie
387 432 431 472 in
465 435 610 473 castra
641 445 692 472 ex
717 431 824 472 urbe
849 431 904 472 ad
928 446 1006 472 nos
1030 432 1212 472 ueniunt
1236 431 1388 474 flentes
1414 433 1646 487 principes.

140 502 308 544 Uelatis
339 503 539 544 manibus
573 507 710 554 orant,
742 504 1018 556 ignoscamus
1052 509 1280 557 peccatum
1312 519 1455 556 suum3

139 574 400 630 Deduntque
433 590 490 625 se⁷
525 575 673 616 diuina
713 574 989 629 humanaque
1029 576 1192 626 omnia,
1224 576 1377 617 urbem
1409 582 1452 618 et
1481 577 1645 618 liberos

140 647 188 688 In
215 647 430 689 dicionem
454 652 585 702 atque
608 648 650 688 in
677 647 937 688 arbitratum
963 649 1109 688 cuncti
1126 648 1334 689 Thebano
1359 648 1501 702 poplo.
1581 655 1647 687 255

138 719 243 760 Post
275 719 328 761 ob
360 721 568 761 uirtutem
593 734 666 761 ero
691 719 1000 773 Amphitruoni
1025 723 1219 773 paterast
1253 719 1415 761 donata
1447 735 1590 772 aurea,

140 791 222 842 Qui
252 791 426 833 Pterela
456 793 647 845 potitare
679 791 833 833 solitus
866 796 932 832 est
962 806 1051 832 rex,
1105 792 1224 833 Haec
1256 793 1318 832 sic
1352 792 1491 833 dicam
1524 807 1644 844 erae3

138 863 264 905 Nunc
295 877 474 917 pergam
505 865 567 905 eri
598 864 828 917 imperium
861 864 1015 917 exequi
1042 868 1086 904 et
1112 878 1178 904 me
1206 864 1380 905 domum
1405 878 1642 918 capessere.

737 935 1050 976 Mercurius.

138 1007 275 1058 Attat,
308 1007 398 1049 illic
429 1008 514 1048 huc
545 1008 718 1048 iturust.
781 1007 857 1049 Ibo
891 1022 969 1061 ego
1001 1007 1065 1048 illi
1097 1008 1284 1055 obuiam,

137 1079 287 1133 Neque
328 1093 405 1132 ego
444 1080 558 1120 hunc
597 1080 816 1121 hominem
855 1079 983 1121 hodie
1025 1079 1079 1120 ad
1119 1080 1239 1121 aedis
1271 1080 1350 1121 has
1384 1081 1520 1122 sinam
1552 1097 1642 1123 um-

1097 1166 1227 1205 quam
1260 1153 1483 1195 accedere.
1578 1160 1645 1193 260

137 1223 320 1274 Quando
351 1223 537 1275 imagost
567 1224 695 1265 huius
728 1224 771 1264 in
804 1237 883 1274 me⁷
918 1227 1128 1265 certumst
1158 1223 1375 1265 hominem
1407 1225 1595 1266 eludere.

136 1295 193 1336 Et
225 1296 458 1346 enimuero,
484 1296 688 1348 quoniam
711 1295 894 1336 formam
922 1295 1019 1348 cepi
1043 1295 1214 1337 huiusce
1238 1297 1281 1336 in
1305 1311 1372 1337 me
1399 1301 1442 1338 et
1467 1301 1639 1348 statum,

135 1367 271 1409 Decet
303 1372 346 1409 et
377 1366 494 1408 facta
527 1382 754 1422 moresque
786 1368 912 1408 huius
944 1368 1106 1408 habere
1139 1382 1205 1408 me
1239 1368 1390 1409 similis
1423 1369 1539 1410 item.

135 1439 289 1494 Itaque
314 1454 380 1481 me
404 1440 566 1481 malum
592 1455 683 1482 esse
709 1444 892 1494 oportet,
928 1440 1146 1487 callidum,
1179 1444 1372 1481 astutum
1407 1440 1640 1482 admodum

134 1512 275 1566 Atque
306 1512 420 1554 hunc
452 1512 541 1553 telo
575 1527 652 1554 suo
686 1512 779 1563 sibi,
812 1512 991 1562 malitia,
1025 1511 1090 1552 his
1117 1526 1142 1553 a
1166 1512 1331 1553 foribus
1357 1512 1530 1565 pellere.
1573 1518 1640 1550 265

137 1583 219 1625 Sed
252 1585 357 1638 quid
388 1585 492 1625 illuc
525 1588 618 1625 est?
652 1584 821 1625 caelum
853 1588 1068 1637 aspectat.
1102 1583 1354 1625 Obseruabo
1388 1598 1518 1637 quam
1550 1598 1640 1624 rem

1093 1659 1207 1709 agat.

805 1728 969 1769 Sosia.

135 1800 261 1842 Certe
295 1799 465 1854 edepol,
500 1800 535 1840 si
568 1800 845 1853 quicquamst
877 1799 1015 1849 aliud,
1051 1799 1166 1852 quod
1200 1799 1374 1840 credam
1407 1803 1482 1840 aut
1515 1803 1635 1840 certo

1095 1885 1240 1917 sclam,

136 1944 275 1985 Credo
309 1957 386 1996 ego
419 1943 502 1984 hac
534 1948 667 1984 noctu
699 1943 971 1984 Nocturnum
1004 1942 1272 1983 obdormisse
1306 1942 1483 1983 ebrium.

135 2017 244 2057 Nam
276 2030 415 2070 neque
448 2029 492 2055 se
517 2019 683 2068 septem
707 2016 871 2056 triones
897 2030 1117 2069 quoquam
1141 2015 1184 2055 in
1213 2014 1334 2055 caelo
1364 2017 1635 2063 commouent,

134 2088 285 2141 Neque
311 2103 355 2129 se
381 2087 484 2129 luna
509 2101 727 2141 quoquam
752 2092 903 2138 mutat,
929 2092 1058 2141 atque
1084 2087 1146 2127 uti
1172 2090 1367 2127 exortast
1393 2086 1535 2131 semel,
1571 2091 1638 2123 270

133 2159 224 2201 Nec
255 2159 428 2212 iugulae
461 2174 600 2212 neque
632 2174 872 2212 uesperugo
906 2174 1045 2213 nequo
1078 2159 1286 2211 uergiliae
1319 2158 1534 2199 occidunt.

134 2230 202 2271 Ita
233 2232 379 2272 statim
411 2235 530 2271 stant
561 2231 685 2283 signa
715 2246 856 2285 neque
889 2246 971 2271 nox
1005 2245 1222 2284 quoquam
1256 2230 1457 2270 concedit
1489 2229 1569 2269 dic.

729 2302 1038 2343 Mercurius.

132 2373 282 2426 Perge,
315 2389 412 2425 nox,
443 2379 491 2415 ut
523 2375 749 2428 occepisti;
783 2388 882 2427 gere
916 2375 1029 2427 patri
1062 2389 1225 2414 morem
1257 2388 1365 2413 meo.

133 2445 318 2498 Optumo
352 2450 526 2499 optume
560 2450 782 2499 optumam
814 2460 989 2499 operam
1022 2446 1110 2495 das,
1145 2446 1290 2485 (latam
1323 2443 1469 2497 pulcro
1502 2443 1632 2484 locas.

801 2518 966 2559 Sosia.

131 2588 282 2643 Neque
314 2603 392 2643 ego
424 2588 507 2630 hac
540 2594 667 2630 nocte
698 2589 937 2642 longiorem
969 2603 1035 2629 me
1068 2589 1229 2629 uidisse
1263 2602 1418 2629 censeo
1568 2593 1632 2625 275

222 2774 287 2806 252
313 2784 429 2807 annos
496 2775 563 2807 256
590 2773 727 2809 donata
752 2778 807 2809 est
867 2775 932 2809 257
957 2778 1084 2819 potare
1111 2785 1173 2807 rex
1200 2773 1330 2807 solitus
1357 2776 1411 2805 ost
1470 2773 1537 2805 260
1562 2771 1631 2805 huc

131 2829 192 2862 261
224 2829 332 2863 immo
394 2832 459 2864 262
486 2830 591 2864 huius
652 2833 718 2865 267
744 2832 875 2876 edepol
904 2833 978 2865 scio
1006 2832 1031 2863 si
1085 2831 1170 2873 quid
1239 2832 1303 2863 2139
1331 2829 1458 2871 Namq.
1488 2841 1565 2870 nti-q.
1596 2840 1630 2860 so·

131 2886 400 2928 septentriones
472 2888 538 2920 272
564 2887 636 2921 diei
707 2890 772 2921 274
799 2889 862 2922 des
934 2890 999 2921 275
1026 2888 1169 2921 1115111330
1196 2899 1252 2920 mc
