1926 3275
112 275 157 316 ΙΙ,
177 276 208 315 2,
225 274 361 307 66—77
747 273 978 317 Amphitruo*
1016 304 1020 308 .
1564 278 1616 314 43

722 399 1011 440 Alcumena

111 472 327 535 Equidem·
355 475 526 512 ecastor
553 471 684 525 uigilo
711 474 754 512 et
777 471 962 524 uigilans
986 472 1030 512 id
1055 471 1171 525 quod
1194 471 1401 513 factumst
1424 472 1616 522 sahulem

110 544 220 585 Nam
252 544 415 585 dudum
447 554 547 585 ante
578 543 721 585 lucem
753 548 796 584 et
826 543 967 584 istunc
1000 548 1042 584 et
1072 548 1114 585 te
1147 543 1248 585 uidi.

706 614 1023 669 Amphitruo

1255 672 1348 722 Quo
1379 673 1421 713 in
1453 672 1578 714 loco?

724 744 1011 786 Alcumena

111 818 192 859 Hic
225 819 268 859 in
302 817 495 868 aedibus,
528 817 602 858 ubi
633 821 680 858 tu
710 816 896 857 habitas.

708 889 1024 944 Amphitruo

893 963 1141 1017 Numquam
1171 962 1388 1005 factumst.

791 1034 944 1076 Sosia

1344 1092 1440 1134 Non
1467 1093 1617 1134 taces‘?

111 1163 235 1215 Quid,
267 1164 302 1205 si
335 1178 356 1204 e
388 1168 516 1217 portu
549 1165 673 1205 nauis
704 1164 789 1205 huc
820 1178 896 1206 nos
929 1165 1184 1206 dormientis
1217 1165 1402 1206 detulit?

706 1251 743 1292 A
752 1266 794 1292 m
804 1267 830 1306 p
840 1252 891 1293 hi
902 1256 920 1293 t
930 1267 951 1293 r
961 1267 989 1293 u
1000 1266 1023 1293 o

111 1324 256 1364 Etiam
286 1328 335 1365 tu
366 1339 538 1378 quoque
571 1324 815 1366 adsentaris
846 1324 969 1366 huice
981 1326 999 1365 ¹?

789 1411 940 1453 Sosia

1017 1484 1131 1534 Quid
1162 1486 1227 1526 uis
1259 1484 1382 1526 fieri‘.>
1550 1491 1617 1525 695

111 1555 208 1596 Non
238 1560 286 1596 tu
318 1556 414 1607 scis,
447 1555 646 1597 Bacchae
678 1556 911 1597 bacchanti
943 1558 979 1597 si
1010 1557 1119 1598 uelis
1154 1557 1442 1609 aduorsarier,

111 1627 176 1668 Ex
206 1628 359 1687 insana
389 1629 650 1669 insaniorem
681 1627 828 1678 facies,
860 1628 987 1670 feriet
1019 1629 1211 1682 saepius3

114 1699 157 1740 Si
190 1695 446 1754 obsequare,
480 1714 566 1741 una
596 1700 792 1742 resoluas
824 1700 982 1754 plaga?

710 1772 1023 1826 Amphitruo

1007 1846 1064 1886 At
1094 1845 1167 1899 pol
1200 1846 1272 1899 qui
1305 1851 1425 1886 certa
1456 1860 1525 1886 res

112 1916 237 1957 Hanc
269 1921 334 1957 est
366 1916 608 1969 obiurgare,
643 1932 754 1971 quae
787 1932 853 1958 me
885 1917 1014 1959 hodie
1048 1918 1350 1959 aduenientem
1384 1918 1555 1958 domum

112 1988 309 2029 Noluerit
341 1989 544 2030 salutare.

789 2062 941 2103 Sosia

567 2134 773 2175 Inritabis
807 2134 1056 2176 crabrimes.

712 2206 1022 2260 Amphitruo

1085 2278 1210 2319 Tace.
1549 2278 1616 2309 700

112 2348 359 2399 Alcumena,
392 2364 522 2390 unum
555 2365 708 2403 rogare
741 2357 782 2392 te
815 2351 927 2392 uolo.

724 2422 1011 2464 Alcumena

963 2495 1142 2545 Quiduis
1174 2508 1291 2546 roga.

709 2566 1023 2620 Amphitruo

112 2635 224 2677 Num
255 2637 336 2678 tibi
368 2643 441 2679 aut
473 2637 660 2679 stultitia
692 2639 879 2679 accessit
911 2643 984 2679 aut
1017 2642 1196 2691 superat
1229 2638 1462 2690 superbia?

203 2807 269 2840 695
294 2806 378 2839 huic
449 2810 516 2841 698
543 2808 723 2851 obsequar
747 2808 873 2842 famare
901 2809 1027 2841 soluas
1099 2810 1165 2841 700
1190 2808 1368 2841 crabones
1441 2809 1499 2840 701
1526 2806 1611 2849 quid

112 2863 167 2895 uis
192 2874 323 2907 rogare
348 2875 439 2907 roga
510 2867 576 2898 702
602 2864 707 2898 Nunc
