1926 3275
244 342 322 381 102
928 331 1052 366 Plauti
1523 326 1568 370 H,
1582 327 1615 370 4,
1629 327 1740 362 5—23

875 457 1106 498 Libanus

1296 509 1487 551 Obsecro
1518 512 1575 550 te.

870 585 904 625 L
915 599 936 625 e
947 599 970 625 o
982 583 1109 624 nida

241 663 305 705 Ne
335 666 384 703 tu
415 660 560 702 hercle
592 672 688 700 cum
718 671 874 710 magno
905 655 1019 696 malo
1050 653 1155 695 mihi
1188 653 1362 695 obuiam
1393 651 1626 694 occessisti.

244 734 331 776 Cur
360 747 446 774 non
476 731 648 781 uenisti,
680 733 729 770 ut
758 729 981 778 iusseram,
1013 727 1059 767 in
1088 723 1383 767 tonstrinam?

878 798 1108 839 Libanus

1197 868 1281 909 Hic
1311 881 1378 908 me
1409 869 1635 908 moratust.
1676 871 1746 904 410

874 940 1110 982 Leonida

245 1019 288 1060 si
319 1017 493 1072 quidem
521 1014 670 1056 hercle
701 1026 816 1054 nunc
848 1026 1063 1052 summum
1093 1011 1242 1052 Iouem
1275 1014 1319 1052 te
1351 1010 1472 1051 dicas
1505 1009 1744 1050 detinuisse

243 1090 386 1144 Atque
416 1089 451 1129 is
481 1090 686 1141 precator
717 1084 867 1134 adsiet,
898 1083 1059 1124 malam
1089 1096 1181 1123 rem
1213 1082 1402 1136 ecfugies
1431 1094 1679 1134 numquam.

245 1162 309 1202 Tu
338 1160 523 1202 uerbero
554 1157 768 1211 inperium
798 1169 942 1196 meum
974 1153 1302 1207 contempsisti?

879 1225 973 1267 Lib
985 1239 1046 1266 an
1055 1240 1084 1266 u
1093 1239 1112 1266 s

1314 1279 1432 1321 Perii
1461 1279 1630 1333 hospes.

861 1354 1130 1394 Mercator

246 1431 416 1481 Quaeso
448 1427 594 1469 hercle
625 1426 727 1477 noli,
761 1426 937 1475 Saurea,
969 1438 1064 1465 mea
1096 1437 1228 1464 causa
1256 1423 1373 1464 hunc
1403 1422 1651 1464 uerberare.

877 1496 1115 1538 Leonida

244 1572 423 1614 Utinam
452 1583 566 1611 nunc
599 1569 797 1610 stimulus
827 1568 872 1608 in
898 1560 1034 1607 vmanu
1064 1566 1170 1607 mihi
1200 1566 1268 1618 sit,

862 1639 1134 1680 Mercator

1252 1693 1433 1743 Quiesce
1465 1705 1641 1746 quaeso.
1679 1695 1748 1730 415

877 1766 1115 1808 Leonida

248 1841 329 1891 Qui
358 1840 501 1881 latera
532 1842 756 1880 conteram
785 1841 873 1889 tua,
905 1851 1016 1891 quae
1048 1835 1293 1878 occalluere
1324 1834 1476 1889 plagis.

246 1911 442 1953 Abscede
474 1924 525 1951 ac
556 1911 647 1952 sine
679 1924 746 1951 me
777 1909 892 1950 1111110
925 1909 1128 1962 perdere,
1168 1908 1243 1961 qui
1281 1919 1450 1959 semper
1489 1919 1556 1946 me
1587 1905 1655 1945 ira
1683 1904 1747 1945 111-

1204 1978 1361 2028 cendit,

249 2054 359 2104 Quoi
389 2065 625 2105 numquam
655 2064 789 2092 unam
818 2065 911 2092 rem
941 2065 1008 2091 me
1046 2050 1148 2091 licet
1186 2049 1320 2092 semel
1358 2048 1612 2102 praecipere
1650 2046 1748 2098 furi,

249 2125 362 2174 Quin
393 2123 586 2164 centiens
618 2121 771 2163 eadem
800 2122 996 2175 inperem
1021 2125 1153 2175 atque
1179 2120 1458 2173 ogganniam3
1490 2119 1639 2172 itaque
1661 2117 1748 2158 iam

1202 2190 1350 2233 hercle

249 2266 445 2307 Clamore
477 2279 528 2306 ac
559 2264 782 2306 stomacho
813 2278 899 2305 non
931 2278 1042 2317 queo
1074 2262 1215 2304 labori
1249 2261 1539 2315 suppeditare.
1680 2266 1749 2299 420

248 2336 400 2388 Iussin,
432 2336 626 2387 sceleste,
659 2335 714 2376 ab
745 2335 876 2376 ianua
905 2334 987 2375 hoc
1019 2339 1185 2375 stercus
1216 2334 1317 2374 hinc
1349 2332 1542 2374 auferri?

249 2406 386 2447 Iussin
419 2406 630 2447 columnis
662 2406 790 2447 deiici
821 2420 978 2459 operas
1010 2405 1299 2446 araneorum?

249 2478 414 2519 Iussinc
445 2478 490 2518 in
521 2477 798 2531 splendorem
829 2477 924 2518 dari
954 2476 1096 2517 bullas
1126 2475 1204 2516 has
1234 2474 1401 2516 foribus
1432 2473 1620 2516 nostris?

249 2548 366 2590 Nihil
390 2552 475 2600 est,
499 2553 722 2602 tamquam
746 2549 781 2589 si
805 2548 985 2589 claudus
1013 2548 1104 2599 sim,
1131 2560 1228 2588 011111
1250 2545 1400 2587 fustist
1423 2543 1746 2586 ambulandum.

252 2620 363 2670 Quia
376 2620 569 2660 triduum
583 2619 666 2660 hoc
682 2633 814 2660 unum
830 2618 956 2660 modo
973 2618 1066 2659 foro
1088 2618 1187 2659 (10(11
1211 2632 1389 2671 operam
1414 2616 1656 2666 adsiduam,
1681 2618 1750 2653 425

250 2691 362 2732 Dum
391 2691 607 2743 reperiam
638 2690 712 2743 qui
743 2691 960 2743 quaeritet
991 2694 1219 2742 argentum
1250 2690 1294 2730 111
1324 2688 1490 2739 faenus,
1522 2687 1591 2728 hic
1621 2700 1700 2728 uos

341 2833 405 2864 411
434 2830 647 2865 detimuisse
728 2831 795 2865 416
821 2831 1010 2865 occaluere
1091 2832 1158 2864 419
1183 2830 1361 2874 imparem
1437 2830 1505 2863 422
1531 2837 1748 2862 aranearum

251 2888 318 2922 425
344 2899 494 2932 oporam
522 2887 713 2921 adsiduam
738 2887 823 2921 dedi
