1926 3275
218 282 237 319 1
245 281 267 320 9
274 281 298 320 S
827 273 1107 318 Prolegomena.

213 406 299 444 Huc
335 405 538 455 pertinent
576 405 695 441 etiam
726 403 845 440 Plinii
884 401 1006 439 verba
1043 401 1151 452 apud
1190 400 1437 439 Priscianum
1468 401 1504 449 Ι,
1539 401 1612 438 38;
1660 395 1722 448 „L

214 474 354 511 exilem
384 486 523 511 sonum
552 471 693 518 habet,
727 470 884 520 quando
915 471 1141 518 geminatur
1171 468 1343 507 secundo
1374 469 1460 508 loco
1491 470 1644 520 posita,
1676 472 1722 507 ut

212 542 296 589 1110,
329 538 556 578 Metellus“.
616 540 758 588 Itaque
794 538 912 588 plura
950 539 1130 585 nomina,
1170 541 1216 575 ut
1245 537 1468 588 Aquillius,
1509 537 1719 588 Popillius,

214 623 316 660 saepe
364 622 451 647 cum
492 607 661 657 simplici
701 603 715 644 l
753 607 993 644 scribuntur.
1054 606 1109 645 Ut
1147 606 1198 643 ad
1234 605 1422 644 Plautum
1460 609 1719 654 revertamur,

213 678 383 728 primum
409 673 491 719 ille,
517 672 607 714 illic
629 688 732 725 saepe
755 675 929 725 priorem
952 674 1144 723 syllabam
1168 673 1328 712 brevem
1350 674 1483 713 habet.
1525 674 1722 712 Miillerus

215 744 373 794 quidem
407 742 589 792 (Prosod.
613 757 651 793 p.
680 740 778 790 330)
812 746 897 779 tum
922 742 1079 779 demum
1109 742 1182 779 hoc
1213 741 1301 779 fieri
1332 741 1514 789 affirmat,
1548 743 1581 779 si
1612 745 1720 780 ante-

215 813 328 850 cedat
353 811 587 850 vocabulum
612 810 932 860 monosyllabum
955 810 1088 848 brevis
1112 823 1316 858 mensurae,
1344 810 1451 861 quod
1476 824 1563 848 cum
1585 811 1721 861 priore

213 880 327 918 huius
364 880 469 917 vocis
510 879 663 928 syllaba
692 878 866 916 iambum
896 879 1037 925 faciat3
1070 877 1140 916 sed
1171 878 1305 916 multis
1336 878 1431 916 locis
1461 878 1611 916 leniore
1640 891 1721 916 me—

215 948 344 985 dicina
377 948 563 985 correctis
594 950 749 984 restant
779 949 923 993 tamen,
957 959 1055 997 quos
1087 946 1298 984 emendare
1329 959 1409 984 non
1440 946 1597 994 audeat,
1628 946 1720 985 Aul.

216 1016 315 1063 646,
355 1015 475 1053 Most.
509 1016 610 1062 205,
649 1014 755 1052 Men.
791 1016 861 1061 57,
900 1014 987 1052 Mil.
1024 1015 1152 1061 1223,
1192 1014 1301 1052 Pers.
1336 1015 1436 1062 544,
1469 1013 1589 1053 Stich.
1624 1016 1719 1054 675.

213 1085 302 1121 Alia
333 1084 513 1134 exempla
538 1083 748 1133 positionis
782 1086 874 1120 ante
907 1079 921 1120 l
951 1082 1100 1132 duplex
1123 1083 1312 1131 neglectae
1338 1086 1429 1120 sunt
1459 1080 1716 1130 „cauillator“

214 1152 328 1189 Truc.
363 1152 462 1198 670,
515 1149 771 1198 „simillimae“
814 1151 924 1188 Asin.
959 1151 1061 1197 239,
1108 1148 1403 1200 „supellectile“
1446 1150 1553 1189 Poen.
1598 1151 1718 1197 1148,

215 1219 333 1257 Stich.
354 1220 417 1265 66,
455 1217 693 1265 „satellites“
728 1219 835 1256 Trin.
856 1220 950 1265 833,
988 1217 1230 1268 „expalluit“
1266 1218 1378 1256 Curc.
1402 1219 1496 1266 311,
1534 1216 1715 1269 „puella“

214 1288 357 1337 saepius
389 1285 441 1334 (v.
473 1286 621 1324 Mffller
650 1300 688 1337 p.
725 1285 847 1334 250);
881 1287 950 1324 sed
979 1286 1044 1324 hic
1074 1287 1161 1324 fieri
1191 1289 1341 1336 potest,
1374 1290 1419 1324 ut
1450 1287 1536 1325 duae
1566 1287 1720 1337 priores

215 1355 373 1404 syllabae
404 1368 478 1405 per
508 1355 707 1404 synizesin
739 1355 969 1402 coaluerint,
1001 1368 1038 1393 v.
1070 1354 1185 1393 infra.

328 1423 395 1460 Fit
434 1423 538 1460 idem
584 1426 674 1460 ante
716 1426 866 1461 ceteras
904 1422 1093 1472 liquidas,
1134 1426 1180 1460 ut
1222 1421 1426 1470 „annona“
1469 1422 1590 1461 Stich.
1627 1423 1718 1470 183,

220 1489 512 1539 „immortales“
547 1490 653 1528 Poen.
689 1492 788 1538 274,
835 1489 1086 1538 „irridiculo“
1123 1491 1210 1529 Cas.
1245 1492 1338 1528 815.
1370 1491 1476 1528 Poen.
1513 1492 1639 1538 1186,
1680 1493 1720 1528 et

215 1563 305 1596 ante
335 1570 367 1606 3,
401 1562 445 1596 ut
480 1557 683 1605 „dedisse“
717 1559 862 1608 Amph.
897 1560 991 1606 754,
1029 1557 1235 1607 „necesse“
1270 1559 1415 1597 Pseud.
1450 1560 1543 1606 998,
1582 1559 1718 1607 „vicis-

215 1625 355 1664 satim“
391 1626 511 1664 Stich.
540 1628 639 1673 5323
677 1625 844 1674 „fuisse“
881 1630 1065 1677 correpta
1096 1627 1269 1665 secunda
1300 1627 1467 1665 fortasse
1498 1627 1618 1665 etiam
1648 1639 1721 1677 per

215 1695 410 1743 synizesin
455 1695 641 1744 explicari
687 1695 995 1744 potest;“loc0s
1040 1695 1120 1733 vid.
1159 1695 1308 1733 Miiller
1351 1709 1390 1745 p.
1432 1696 1533 1742 241;
1585 1692 1717 1742 „esse“

215 1764 347 1812 priore
378 1763 490 1800 brevi
521 1777 600 1801 non
631 1764 857 1813 infrequens
891 1767 961 1811 est,
994 1776 1234 1813 quamquam
1258 1763 1490 1813 Spengelius
1520 1777 1558 1813 p.
1583 1764 1632 1800 81
1661 1776 1719 1812 sq.

216 1844 350 1868 omnes
395 1831 501 1869 locos
546 1833 740 1869 removeri
785 1835 900 1881 putat
941 1835 1009 1869 aut
1048 1832 1208 1869 elisione
1246 1835 1316 1869 aut
1354 1845 1525 1882 syncope
1566 1834 1721 1869 antece-

216 1899 344 1936 dentis
374 1900 502 1947 vocis,
534 1899 681 1936 Muller
711 1912 750 1948 p.
784 1900 864 1936 298
897 1913 996 1949 sqq,
1028 1899 1095 1936 ubi
1126 1913 1207 1937 non
1239 1899 1447 1937 antecedat
1478 1912 1554 1937 vox
1584 1912 1720 1937 mono-

216 1965 365 2014 syllaba
394 1967 535 2014 brevis,
569 1967 844 2017 corrigendum
875 1970 1020 2004 censet.

328 2034 412 2072 Hoc
449 2036 534 2073 loco
571 2036 688 2073 etiam
726 2033 759 2082 i,
801 2036 981 2084 quotiens
1019 2035 1122 2072 inter
1162 2034 1259 2072 duas
1301 2034 1454 2072 vocales
1501 2046 1721 2072 consonans

215 2100 271 2149 fit,
306 2103 688 2141 commemorandum
719 2103 887 2149 videtur,
920 2103 968 2140 de
1000 2117 1078 2153 quo
1105 2103 1332 2140 Priscianus
1363 2102 1393 2149 I,
1428 2104 1464 2149 3,
1496 2115 1535 2151 p.
1567 2103 1616 2139 14
1648 2101 1720 2139 H.:

222 2170 391 2217 „maius“
441 2172 573 2220 inquit
623 2172 776 2221 ,‚peius,
825 2171 932 2218 eius,
978 2171 1018 2208 in
1063 2183 1141 2220 quo
1193 2171 1279 2208 loco
1334 2171 1488 2220 antiqui
1539 2169 1722 2208 solebant

215 2239 414 2288 geminare
452 2237 469 2276 i
506 2240 681 2276 litteram
720 2242 758 2276 et
795 2239 956 2285 maiius,
998 2240 1145 2288 peiius,
1189 2239 1287 2275 eiius
1326 2238 1497 2275 scribere
1530 2267 1719 2275 ......

215 2306 320 2343 unde
336 2306 530 2356 Pompeiii
555 2320 714 2356 quoque
736 2308 963 2356 genetivum
986 2321 1057 2357 per
1085 2308 1165 2344 tria
1194 2304 1211 2344 i
1242 2306 1481 2353 scribebant,
1509 2336 1516 2343 .
1544 2336 1552 2343 .
1580 2336 1588 2343 .
1615 2305 1723 2355 quod

217 2372 361 2410 Caesari
392 2374 617 2411 doctissimo
648 2376 745 2411 artis
777 2376 1042 2425 grammaticae
1073 2375 1265 2425 placitum
1297 2388 1319 2411 a
1346 2374 1508 2411 Victore
1540 2386 1721 2424 compro-

215 2439 373 2478 batur“.
439 2441 594 2488 „Etiam
626 2442 804 2480 Ciceroni
842 2443 1039 2493 placuisse
1079 2444 1156 2480 aiio
1187 2442 1428 2492 Maiiamque
1466 2443 1668 2492 geminata
1704 2438 1723 2479 i

218 2507 412 2545 scribere“
449 2509 715 2555 Quintilianus
746 2514 916 2548 testatur
946 2512 982 2558 Ι,
1016 2512 1062 2558 4,
1099 2512 1162 2548 11.
1224 2510 1301 2548 8οᾶ
1330 2510 1511 2560 plerique
1543 2522 1675 2546 omnes
1704 2506 1723 2546 i

217 2588 293 2611 non
324 2576 590 2624 geminabant.
647 2578 824 2615 Priorem
858 2582 987 2616 autem
1019 2579 1210 2628 syllabam
1241 2578 1305 2616 vel
1334 2579 1492 2627 longam
1521 2577 1722 2615 habebant

219 2643 330 2690 quasi
373 2644 570 2691 geminata
607 2645 761 2692 littera,
802 2646 865 2683 vel
903 2646 1061 2683 brevem
1101 2647 1214 2696 quasi
1252 2660 1332 2684 non
1373 2647 1582 2694 geminata.
1643 2643 1720 2692 Sic,

219 2722 338 2757 quum
370 2708 453 2756 cce'S,
487 2708 550 2747 coit
577 2712 809 2761 plerumque
841 2717 910 2750 aut
938 2715 1110 2763 priorem
1150 2714 1368 2764 corripiant
1406 2716 1476 2750 aut
1512 2716 1721 2762 utramque

218 2776 408 2824 syllabam
439 2778 477 2813 111
508 2791 625 2815 unam
658 2780 909 2827 contrahant,
942 2781 1142 2818 interdum
1173 2778 1262 2820 Ain
1292 2783 1426 2831 priore
1457 2782 1574 2829 longa
1605 2781 1721 2831 quasi

218 2844 311 2881 Aiin
357 2844 520 2892 legitur,
568 2846 646 2882 vid.
689 2847 831 2896 Amph.
865 2849 959 2885 280.
995 2849 1088 2886 340.
1135 2849 1244 2886 Asin.
1279 2851 1380 2896 892;
1426 2847 1536 2896 εἴηδ’,
1581 2846 1720 2896 huius,
