1926 3275
163 320 208 361 11,
223 321 254 363 2,
272 320 450 353 188-206
795 319 1029 363 Amphitruo.
1614 324 1635 361 5
1643 323 1665 360 3

772 444 1062 485 Alcumena

162 517 280 559 Istuc
308 516 488 567 facinus,
521 515 637 569 quod
667 519 714 557 tu
744 516 982 566 insimulas,
1015 519 1167 557 nostro
1200 516 1348 568 generi
1379 531 1465 558 non
1498 517 1635 560 decet.

163 589 227 630 Tu
258 589 293 630 si
323 603 390 630 me
421 588 697 642 inpudicitiai
729 592 890 641 captas,
925 601 1082 640 capere
1114 602 1200 629 non
1231 592 1367 641 potes.

759 658 1071 712 Amphitruo

161 732 244 773 Pro
277 732 320 773 di
351 731 621 773 inmortales!
656 731 890 784 cognoscin
922 735 969 771 tu
999 745 1066 772 me
1100 731 1266 782 saltem,
1301 731 1454 773 Sosia?
1596 739 1664 772 815

838 813 989 855 Sosia

161 871 489 925 Propemodum.

756 942 1072 996 Amphitruo

507 1014 724 1056 Cenauine
756 1028 834 1066 ego
866 1014 959 1055 heri
989 1015 1033 1055 in
1064 1014 1166 1054 naui
1197 1014 1239 1054 in
1273 1018 1402 1067 portu
1432 1013 1634 1056 Persico?

773 1100 1059 1142 Alcumena

162 1173 268 1215 Mihi
300 1187 471 1227 quoque
503 1172 662 1214 adsunt
691 1175 843 1222 testeS,
878 1173 950 1225 qui
988 1171 1096 1213 illud
1136 1172 1252 1226 quod
1290 1187 1367 1226 ego
1407 1172 1549 1213 dicam
1587 1173 1663 1214 ad-

1119 1244 1320 1285 sentiant.

837 1315 991 1357 Sosia

162 1388 318 1430 Nescio
352 1388 455 1441 quid
486 1388 598 1429 istuc
627 1388 777 1440 negoti
808 1387 961 1438 dicam,
993 1388 1073 1428 nisi
1106 1388 1141 1428 si
1173 1387 1429 1441 quispiamst

162 1460 419 1514 Amphitruo
452 1460 573 1511 alius,
607 1458 699 1513 [qui
728 1458 843 1500 forte
874 1464 916 1499 te
948 1458 1018 1499 hic
1049 1459 1230 1500 absente
1262 1463 1410 1499 tamen

164 1533 301 1573 Tuam
322 1546 414 1573 rem
438 1530 577 1584 curet]
603 1535 645 1572 te
669 1531 741 1583 qui
761 1530 941 1571 absente
958 1530 1027 1570 hic
1046 1545 1199 1571 munus
1215 1530 1422 1582 fungatur
1438 1533 1572 1571 tuum.
1597 1535 1665 1568 820

165 1603 380 1657 [Namque
412 1603 462 1644 de
494 1603 568 1643 illo
602 1602 822 1643 subditiuo
857 1602 980 1642 Sosia
1011 1603 1167 1642 mirum
1197 1602 1361 1651 nimist3

165 1675 290 1716 Certe
322 1675 374 1716 de
406 1675 515 1716 istoc
545 1673 859 1727 Amphitruone
891 1674 978 1713 iam
1012 1673 1198 1714 alterum
1229 1673 1427 1714 mirumst
1457 1671 1625 1725 magis]

760 1761 793 1801 A
805 1775 846 1800 m
857 1775 883 1813 p
894 1760 922 1800 h
932 1760 944 1799 i
956 1764 1002 1800 tr
1012 1774 1074 1800 uo

165 1832 322 1874 Nescio
355 1833 449 1885 quis
480 1833 789 1885 praestigiator
820 1832 931 1872 hanc
962 1832 1198 1872 frustratur
1229 1830 1464 1871 mulierem.

775 1919 1063 1959 Alcumena

165 1991 247 2032 Per
278 1991 466 2044 supremi
497 1991 612 2044 regis
643 2005 823 2044 regnum
855 1991 947 2031 iuro
982 1994 1025 2030 et
1055 1993 1240 2030 matrem
1272 1988 1460 2029 familias

166 2061 385 2113 Iunonem,
419 2077 547 2115 quam
579 2077 647 2104 me
678 2062 822 2103 uereri
854 2067 896 2102 et
928 2064 1163 2103 metuerest
1194 2074 1273 2113 par
1303 2074 1515 2111 maxume,
1600 2066 1666 2099 825

165 2132 225 2175 Ut
255 2134 359 2174 mihi
391 2138 515 2175 extra
545 2148 678 2175 unum
709 2138 751 2174 te
783 2133 979 2175 mortalis
1011 2146 1137 2174 nemo
1170 2146 1324 2185 corpus
1357 2146 1538 2185 corpore

168 2204 372 2259 Contigit,
406 2220 489 2259 quo
522 2221 589 2247 me
621 2206 871 2260 inpudicam
902 2205 1076 2246 faceret.

763 2291 1076 2344 Amphitruo

1087 2361 1204 2403 Uera
1235 2362 1369 2402 istaec
1399 2360 1541 2402 uelim.

775 2434 1060 2475 Alcumena

167 2506 283 2548 Uera
313 2506 422 2557 dico,
455 2505 532 2546 scd
562 2506 837 2560 nequiquam,
872 2506 1076 2559 quoniam
1107 2519 1194 2545 non
1226 2504 1292 2544 uis
1325 2503 1514 2544 credere.

761 2592 1076 2646 Amphitruo

169 2664 325 2705 Mulier
357 2678 414 2715 es,
447 2663 655 2705 audacter
684 2664 811 2705 iuras.

260 2834 327 2866 814
351 2832 582 2877 inpudicitiae
639 2844 714 2866 non
739 2835 866 2877 potest
891 2843 1023 2875 capere
1116 2831 1183 2864 816
1210 2829 1373 2863 Cenauin
1465 2830 1532 2862 820
1556 2831 1665 2870 teque

170 2889 311 2923 absenti
