1926 3275
771 343 812 378 V.
838 345 1029 380 663—688.
1564 350 1614 388 41
1623 349 1645 388 3

151 487 190 523 p.
217 473 289 510 49:
321 472 427 520 „Iam
452 473 716 511 conticinnum
739 477 858 524 atque
882 475 1117 513 matutinum
1143 477 1261 525 atque
1285 473 1499 511 diluculum
1524 488 1646 525 usque

151 540 202 578 ad
231 541 327 579 solis
357 544 488 579 ortum
526 539 738 590 gelidum“.
801 542 946 580 Verum
977 542 1175 581 Censorin.
1208 542 1255 579 D.
1289 546 1369 580 nat.
1406 543 1476 579 24:
1524 542 1645 590 „Inci-

150 609 257 660 piam
295 623 317 647 a
355 609 484 648 media
520 613 636 648 noete
669 640 676 646 .
705 640 710 647 .
741 639 783 647 ..
830 609 1001 660 Tempus
1040 610 1145 661 quod
1182 610 1271 647 huic
1311 610 1535 660 proximum
1576 614 1644 657 est,

151 680 315 715 vocatur
345 677 393 715 de
423 677 552 715 media
581 681 715 725 nocte;
747 678 926 728 sequitur
957 678 1217 727 gallicinium,
1259 692 1344 715 cum
1382 677 1476 728 galli
1509 691 1646 715 canere

153 746 366 796 incipiunt3
398 746 488 783 dein
519 746 805 793 conticium,
839 759 924 784 cum
951 747 1242 793 conticuerunt,
1274 749 1366 783 tunc
1395 749 1484 783 ante
1507 746 1645 793 lucem,

155 817 194 851 et
226 814 280 852 sic
313 813 538 861 diluculum,
571 827 658 852 cum
690 814 772 852 sole
802 813 975 852 nondum
1007 818 1092 852 orto
1124 815 1198 852 iam
1229 811 1372 851 lucet“.
1419 814 1538 864 Apud
1563 814 1646 852 Ma-

153 882 259 919 crob.
293 881 373 920 Sat.
405 881 443 929 I,
478 883 499 919 3
540 882 580 919 in
618 882 736 919 simili
780 882 867 920 loco
919 880 1186 930 ‚,conticuum“
1238 885 1308 919 est.
1369 881 1470 919 Non.
1503 896 1540 932 p.
1577 883 1645 920 (321

159 949 442 997 „Conticinium
473 951 599 987 noctis
623 950 792 999 primum
816 953 982 1000 tempus,
1010 963 1086 999 quo
1112 951 1240 988 omnia
1267 949 1490 1000 quiescendi
1518 951 1647 998 gratia

153 1015 462 1055 conticescunt“.
495 1017 611 1056 Unde
635 1031 713 1055 non
738 1018 862 1055 solum
887 1019 1055 1055 nominis
1080 1019 1256 1065 formam,
1284 1018 1362 1065 sed,
1390 1018 1495 1068 quod
1521 1019 1647 1055 minus

152 1085 374 1133 ferendum,
415 1087 533 1123 etiam
571 1099 736 1136 pravam
776 1086 1063 1124 enarrationem
1094 1086 1224 1123 Plauti
1257 1086 1426 1123 editores
1460 1090 1495 1122 et
1527 1087 1647 1123 inter-

152 1157 285 1203 pretes
327 1153 498 1204 amplexi
536 1157 640 1191 sunt.
674 1175 729 1179 —
763 1155 854 1192 679.
887 1151 1026 1192 istanc
1062 1155 1140 1190 iam
1171 1155 1211 1190 in
1241 1154 1272 1191 B
1306 1154 1561 1191 emendatum.
1596 1175 1645 1178 —

155 1223 247 1260 680.
280 1219 348 1260 uis
378 1221 415 1260 te
446 1221 556 1260 codd.
604 1221 774 1260 Ritsch.:
814 1220 944 1269 ‚,ted“.
984 1222 1099 1259 Both.
1131 1221 1211 1258 Fl.:
1251 1226 1312 1269 „te
1343 1220 1451 1269 ilis“3
1482 1222 1645 1259 Mulier:

159 1291 242 1338 „uis
272 1294 312 1328 te
346 1288 387 1338 [a
411 1288 488 1338 me]
523 1288 612 1328 an“.
636 1311 693 1315 —
719 1291 811 1328 681.
837 1286 1078 1338 Enimuero,
1111 1289 1309 1340 profect03
1343 1290 1388 1327 cf.
1414 1290 1522 1328 Pers.
1549 1293 1645 1328 350:

160 1358 395 1405 „Enimuero
427 1358 565 1396 odiosa
596 1357 675 1396 es“.
737 1358 878 1396 Pseud.
913 1359 1006 1396 983.
1041 1379 1093 1383 —
1127 1359 1167 1396 et
1198 1358 1239 1395 tu
1272 1358 1416 1395 delevit
1448 1358 1561 1396 Both.
1595 1380 1648 1383 -—-

156 1428 248 1464 682.
281 1426 495 1464 Patronum
526 1427 644 1465 herus
675 1440 830 1464 sewum
862 1426 1035 1477 appellat
1068 1440 1113 1464 ex
1144 1440 1179 1463 v.
1215 1427 1314 1473 645,
1348 1440 1464 1476 seque
1497 1441 1649 1464 rursum

154 1495 353 1532 libertum.
385 1515 441 1519 —
466 1492 610 1544 potius
642 1495 816 1532 abundat
847 1498 936 1545 post
968 1495 1105 1543 magis,
1132 1494 1177 1531 cf.
1198 1493 1290 1531 Cist.
1313 1495 1383 1530 43:
1422 1495 1497 1542 „At
1529 1496 1649 1532 satius

155 1563 285 1601 fuerat
307 1576 391 1600 eam
415 1563 501 1601 uiro
533 1563 626 1601 dare
658 1567 825 1614 nuptum
856 1561 1030 1614 potius“.
1079 1562 1190 1613 Capt.
1221 1564 1318 1600 680:
1359 1563 1511 1612 „potius
1537 1577 1648 1613 prae-

157 1629 403 1681 optavisse“;
436 1631 529 1669 alibi
566 1632 720 1682 „potius
745 1628 903 1668 malle“.
930 1652 985 1656 —
1015 1631 1107 1668 686.
1144 1630 1252 1668 tuam
1280 1630 1392 1666 Both.
1429 1630 1580 1668 addidit
1613 1636 1649 1667 et

156 1700 353 1737 sententia
385 1703 424 1737 et
454 1713 574 1737 versu
603 1700 840 1749 postulante,
875 1699 918 1736 cf.
949 1700 1040 1736 659.
1079 1719 1126 1722 —
1161 1694 1363 1736 merjada
1398 1696 1467 1745 (sic
1501 1712 1649 1735 corree-

155 1771 240 1805 tum
263 1768 304 1805 in
321 1767 373 1814 B,
406 1781 427 1805 a
452 1768 578 1818 prima
604 1781 721 1805 manu
751 1765 984 1815 „aniticula“
1015 1764 1113 1814 erat)
1149 1770 1204 1803 est
1238 1780 1331 1803 anas
1363 1779 1496 1816 parva.
1545 1767 1649 1803 Anas

160 1835 340 1886 obliquos
380 1849 490 1873 casus
521 1849 592 1886 per
624 1833 639 1872 i
669 1835 833 1883 format,
866 1839 908 1872 ut
946 1832 1138 1882 „anites“,
1181 1833 1290 1884 Capt.
1326 1836 1424 1880 0963
1465 1834 1533 1871 sed
1570 1835 1649 1871 hacev

157 1904 316 1951 vocalis,
349 1903 416 1940 ubi
446 1904 487 1941 in
517 1905 695 1954 proxima
726 1904 878 1952 syllaba
903 1903 1069 1940 alterum
1104 1901 1117 1940 ί
1149 1904 1339 1953 sequitur,
1376 1904 1412 1939 in
1446 1914 1465 1939 t:
1495 1903 1649 1949 transit,

157 1972 203 2009 cf.
235 1971 336 2009 Rud.
373 1973 469 2010 533:
517 1972 699 2019 „fortuna
733 1969 929 2018 anetina“‚
971 1972 1024 2008 sic
1062 1975 1103 2008 ut
1145 1969 1185 2007 fit
1230 1972 1267 2007 in
1299 1984 1402 2007 voce.
1436 1971 1648 2020 genetivus,

156 2040 353 2090 genetrix,
387 2041 590 2087 meretrix,
633 2054 668 2077 v.
702 2040 942 2077 Lachmann.
977 2039 1025 2076 ad
1057 2038 1212 2076 Luc-ret.
1244 2053 1280 2088 p.
1322 2039 1381 2074 15.
1418 2058 1466 2063 ἡ
1503 2035 1649 2076 colum-

158 2105 270 2156 bam,
311 2108 356 2146 cf.
391 2108 518 2146 Casin.
557 2110 646 2146 138.
709 2104 895 2146 catellum
933 2107 1028 2144 Hor.
1063 2107 1140 2144 Sat.
1175 2106 1231 2154 II,
1269 2108 1310 2153 3,
1348 2108 1444 2143 2:30:
1499 2106 1649 2154 „Sume=,

158 2174 338 2213 catelle“.
371 2197 427 2202 —
460 2179 552 2215 687.
585 2173 799 2215 monenda
832 2178 871 2213 in
904 2175 1014 2212 codd.
1048 2175 1194 2223 legitur
1234 2174 1294 2211 hic
1336 2179 1368 2211 et
1405 2175 1516 2225 Capt.
1552 2176 1651 2221 695·>

157 2244 294 2281 eadem
338 2244 497 2282 videtur
544 2248 662 2294 atque
709 2244 938 2290 monedula,
982 2243 1092 2281 Ovid.
1127 2242 1220 2279 Met.
1256 2242 1348 2288 VH,
1384 2244 1475 2280 468.
1511 2243 1557 2279 al,
1598 2263 1651 2266 eff

149 2308 349 2360 putz'llum
396 2312 482 2350 edd.
537 2311 768 2362 „pusillum“
820 2316 885 2349 aut
928 2315 1110 2349 enarrant
1153 2315 1217 2347 aut
1258 2311 1477 2360 corrigunt,
1518 2323 1651 2347 versus

159 2392 274 2417 causa
305 2380 422 2418 simul
450 2384 602 2418 mutato
634 2380 790 2428 ordine,
823 2394 891 2417 nee
923 2393 992 2416 nos
1025 2379 1162 2417 melius
1197 2379 1411 2429 quidquam
1452 2378 1649 2415 habemus.

159 2469 212 2473 —
246 2450 338 2487 688.
371 2459 434 2487 me
466 2445 669 2497 duplicem
700 2448 758 2485 ed.
791 2461 848 2498 pr.
878 2469 932 2473 —
961 2443 1216 2496 Pro-§emmas
1249 2444 1386 2493 hwile,
1421 2447 1569 2494 anguis,
1605 2447 1650 2483 cf.

159 2516 279 2554 Stich.
301 2518 393 2554 720.
442 2517 601 2565 Angues
625 2516 796 2553 bisulcas
823 2516 976 2566 linguas
1000 2515 1143 2552 habere
1171 2519 1301 2551 notum
1331 2519 1397 2560 rust,
1432 2529 1464 2550 v.
1487 2515 1649 2551 Aristot.

160 2584 206 2621 de
237 2584 418 2634 partibus
451 2585 677 2622 animalium
710 2584 759 2630 II,
798 2586 857 2620 17.
902 2583 1012 2621 Ovid.
1047 2583 1140 2620 Met.
1175 2582 1243 2630 IX,
1279 2584 1341 2618 65.
1384 2582 1510 2619 Plaut.
1544 2582 1649 2619 Pers.

162 2652 259 2690 300:
312 2651 549 2702 „Tamquam
596 2666 834 2703 proserpens
880 2651 1041 2689 bestiast
1089 2649 1313 2701 bilinguis&
1383 2650 1487 2687 Poen.
1526 2651 1649 2688 1037:

165 2718 398 2768 „migdilibs‚
430 2720 730 2769 bisulcilinguis,
757 2720 867 2770 quasi
892 2733 1126 2770 proserpens
1151 2717 1316 2757 bestia“.
1365 2718 1505 2756 Servus
1531 2733 1651 2756 mere-

159 2787 296 2824 tricem
341 2787 449 2825 iubet,
493 2789 596 2826 inter
641 2787 895 2825 osculandum
941 2788 1115 2836 linguam
1163 2801 1247 2825 cum
1294 2801 1359 2824 sua
1408 2800 1651 2836 componere,

159 2857 203 2891 ut
235 2855 429 2905 serpentis
459 2855 575 2893 modo
607 2855 703 2893 duas
733 2856 887 2905 linguas
918 2855 1082 2902 habeat,
1116 2855 1160 2892 cf.
1194 2854 1333 2892 Pseud.
1371 2856 1486 2891 12:30.
1535 2854 1649 2904 Apul.

160 2921 255 2959 Met.
288 2922 353 2969 VI,
388 2924 430 2960 8:
476 2927 649 2975 „septem
682 2924 787 2960 savia
819 2925 951 2961 suavia
985 2927 1022 2960 et
1056 2937 1175 2960 unum
1206 2923 1447 2960 blandientis
1487 2921 1652 2972 appulsu
