1926 3275
277 309 328 346 28
962 300 1085 333 Plauti
1484 296 1512 340 I,
1532 298 1560 340 l,
1575 297 1721 338 294—2,
1738 297 1778 330 13

878 425 1179 468 Mercurius

838 498 1081 549 Quadrigas
1113 497 1149 537 si
1179 509 1294 536 nunc
1324 494 1553 535 inscendas
1585 493 1701 535 Iouis

278 574 418 626 Atque
449 572 549 613 hinc
580 571 731 625 fugias,
764 571 825 611 ita
856 571 927 611 uix
960 570 1127 624 poteris
1160 566 1359 619 ecfugere
1391 566 1685 608 infortunium.

953 642 1105 683 Sosia

279 717 431 758 Nonne
465 729 564 757 erae
597 729 719 756 meae
751 716 964 758 nuntiare.
999 713 1113 765 quod
1146 726 1243 753 erus
1274 725 1394 752 meus
1426 711 1562 762 iussit,
1594 710 1727 751 licet?

880 785 1179 826 Mercurius

281 860 397 901 Tuae
429 858 568 911 siquid
599 859 664 899 uis
694 859 864 909 nuntia3
898 862 939 898 te
972 857 1085 898 hanc
1116 861 1309 897 nostram
1348 856 1467 897 adire
1505 869 1593 895 non
1630 854 1778 895 sinam.

281 932 391 972 Nam
422 932 457 972 si
487 944 553 971 me
585 930 811 980 inritassis,
844 929 972 969 hodie
1003 927 1328 982 lumbifragium
1358 927 1458 968 hinc
1490 926 1672 968 auferes.
1714 932 1782 965 450

954 1001 1107 1042 Sosia

281 1074 399 1116 Abeo
431 1074 586 1128 potius.
631 1074 686 1114 Di
716 1073 980 1123 inmortales,
1014 1073 1192 1113 obsecro
1225 1076 1419 1113 uostram
1448 1070 1589 1122 fidem,

281 1146 365 1188 Ubi
389 1160 466 1199 ego
492 1146 628 1199 perii?
659 1145 732 1186 ubi
756 1145 993 1186 inmutatus
1020 1145 1142 1185 sum?
1173 1144 1247 1185 ubi
1274 1157 1351 1196 ego
1376 1143 1560 1184 formam
1580 1141 1780 1197 perdidi?

281 1219 346 1259 An
378 1222 547 1271 egomet
577 1232 644 1258 me
676 1217 766 1257 illic
797 1216 965 1269 reliqui,
999 1217 1033 1257 si
1064 1216 1175 1257 forte
1208 1215 1369 1257 oblitus
1399 1214 1490 1256 fui?

282 1290 393 1331 Nam
431 1289 500 1330 hic
540 1289 712 1342 quidem
753 1302 920 1330 omnem
960 1289 1191 1341 imaginem
1228 1301 1390 1338 meam,
1438 1301 1548 1339 quae
1595 1286 1781 1328 antehac

1235 1358 1389 1410 fuerat,
1422 1358 1627 1413 possidet.

282 1434 392 1476 Uiuo
425 1434 486 1484 fit,
520 1433 634 1485 quod
665 1447 899 1485 numquam
932 1433 1158 1486 quisquam
1188 1435 1360 1473 mortuo
1391 1430 1524 1472 faciet
1554 1430 1669 1471 mihi.
1714 1435 1782 1469 455

282 1506 359 1547 Ibo
391 1505 445 1546 ad
476 1508 644 1558 portum
680 1509 810 1557 atque
841 1504 950 1546 haec
980 1509 1029 1546 ut
1059 1508 1159 1545 sunt
1189 1502 1320 1554 facta,
1355 1517 1428 1544 ero
1462 1503 1605 1544 dicam
1636 1516 1752 1553 meo;

282 1578 375 1619 Nisi
407 1578 535 1618 etiam
567 1578 602 1617 is
635 1590 804 1629 quoque
836 1591 903 1618 me
934 1576 1163 1630 ignorabit,
1198 1575 1313 1628 quod
1343 1575 1417 1616 ille
1443 1573 1551 1616 faxit
1570 1574 1779 1628 Iuppiter,

283 1650 342 1691 Ut
373 1664 449 1703 ego
481 1649 608 1690 hodie
638 1662 736 1689 raso
770 1649 911 1702 capite
944 1649 1090 1689 caluos
1123 1647 1291 1701 capiam
1321 1646 1493 1701 pileum.

883 1720 1183 1761 Mercurius

340 1794 455 1834 Bene
488 1806 779 1846 prospereque
812 1792 892 1833 hoc
924 1792 1064 1845 operis
1096 1791 1310 1844 processit
1340 1790 1463 1831 mihi:

340 1865 492 1906 Amoui
525 1879 550 1904 a
580 1864 744 1905 foribus
776 1878 1023 1905 maxumam
1053 1863 1309 1913 molestiam,
1715 1861 1784 1894 460

341 1937 459 1977 Patri
490 1941 539 1977 ut
569 1937 719 1977 liceret
749 1940 844 1977 tuto
876 1936 995 1977 illam
1027 1935 1328 1989 amplexarier.

343 2008 433 2048 111111
465 2008 537 2048 1110
569 2007 671 2048 111110
704 2007 757 2048 ad
789 2022 909 2049 erum
941 2022 1071 2061 quom
1101 2007 1462 2060 Amphitruonem
1494 2005 1733 2056 aduenerit,

343 2079 548 2120 Narrabit
579 2093 745 2120 seruom
780 2080 880 2120 hinc
913 2094 1005 2121 sese
1038 2094 1063 2120 a
1094 2078 1259 2120 foribus
1291 2079 1458 2120 Sosiam

344 2151 585 2201 Amouisse3
616 2150 688 2192 ille
720 2151 829 2192 adeo
861 2151 982 2192 illum
1013 2151 1185 2192 mentiri
1216 2150 1298 2191 sibi

345 2221 503 2262 Credet
535 2236 671 2274 neque
704 2223 851 2264 credet
881 2223 965 2264 huc
997 2223 1254 2276 profectum,
1286 2226 1336 2263 ut
1366 2223 1562 2262 iusserat.
1717 2225 1784 2258 465

347 2293 513 2333 Erroris
546 2294 671 2334 ambo
705 2308 782 2347 ego
814 2295 910 2336 illos
943 2299 986 2336 et
1018 2295 1262 2336 dementiae

346 2365 566 2417 (lonplobo
599 2371 729 2418 atque
763 2381 930 2407 omnem
961 2366 1286 2420 Amphitruonis
1316 2365 1538 2410 familiam,

346 2436 461 2475 Adm.
495 2452 625 2488 usquc
658 2438 902 2478 satietatem
935 2438 1035 2479 dum
1069 2439 1211 2491 capiet
1243 2442 1367 2491 pater

350 2508 476 2549 Illius.
510 2523 635 2560 quam
669 2514 805 2560 amat3
837 2510 968 2561 igitur
1000 2510 1170 2550 demum
1203 2523 1350 2550 omnes
1382 2510 1530 2559 scient,

349 2582 464 2627 Qum·
499 2581 624 2619 facta.
671 2580 864 2633 Denique
896 2580 1177 2621 Alcumenam
1211 2581 1405 2634 luppiter
1716 2580 1784 2612 470

352 2651 527 2700 lsscdigvt
562 2652 781 2703 antiquam
814 2653 984 2705 coniugi
1016 2653 1057 2692 111
1091 2652 1380 2693 concordiam.

382 2820 447 2851 449
474 2820 645 2852 num-{zm¹
693 2822 760 2852 450
786 2820 1085 2863 lumbifrangium
1136 2823 1202 2853 454
1228 2829 1328 2855 tuam
1377 2823 1444 2855 457
1464 2820 1577 2854 faciat
1624 2821 1689 2853 459
1712 2819 1782 2853 hoe

292 2875 400 2908 hodic
427 2876 545 2917 upvris
618 2878 684 2909 463
711 2875 882 2909 Narrauit
954 2878 1015 2909 471
1044 2877 1080 2910 in
1107 2877 1343 2911 concordiam
1370 2877 1539 2921 coniugis
