1926 3275
261 307 341 346 318
891 299 1126 344 Amphitruo.

263 429 496 470 inf-oleatcmc
527 429 776 467 scribendum
819 441 901 465 esse
941 428 1161 465 docuerunt
1189 426 1363 476 Wagner
1392 428 1432 463 in
1465 426 1763 477 Orthographia

263 501 489 548 Vergiliana
519 512 556 547 p.
583 499 677 544 440,
711 498 868 546 aliique,
902 495 948 532 cf.
974 496 1034 532 Fl.
1067 495 1141 545 Ep.
1177 495 1263 531 crit.
1296 508 1335 544 p.
1360 494 1408 531 X.
1439 515 1497 520 —
1529 495 1622 532 863.
1648 493 1761 544 ueni,

265 570 308 606 ut
337 565 483 616 feram,
516 566 593 602 vid.
628 565 677 601 ad
713 566 803 601 192.
835 584 892 589 ——
924 564 1017 600 865.
1050 563 1194 600 Hiatus
1227 566 1318 611 post
1332 559 1587 600 Alcumenae
1616 564 1657 600 in
1688 576 1761 600 cae-

262 650 364 682 sura,
399 638 437 672 et
469 633 610 670 deinde
645 636 733 669 ante
767 632 942 681 expetat.
989 630 1221 668 Fleckeisen
1247 643 1293 667 ex
1315 630 1532 667 Hermanni
1564 631 1763 668 sententia

261 717 417 740 versum
458 703 510 739 sic
550 701 834 737 transformare
873 712 989 736 ausus
1027 700 1105 735 est:
1154 697 1218 744 „Si
1249 697 1290 734 id
1320 699 1521 735 innocenti
1561 696 1763 745 [inmerito

262 767 509 816 damnosum]
536 767 734 817 expetat“.
767 768 825 805 De
847 780 931 805 voc.
959 765 1127 815 expetat
1147 765 1227 803 vid.
1246 778 1365 815 supra
1382 766 1477 802 491.
1498 786 1546 791 --
1568 767 1661 803 866.
1679 765 1762 802 Nu-

261 851 459 875 merorum
485 837 615 885 gratia
632 836 810 873 Lindem.
841 832 1013 882 „meme“
1042 832 1260 880 scribebat3
1284 833 1417 869 Herm.
1445 836 1484 870 et
1506 833 1566 870 Fl.
1592 837 1762 880 „memet

261 902 630 955 Amphitruone1n“.
657 924 713 928 ——
737 904 830 940 867.
856 902 951 939 Post
977 897 1235 940 adsimulabo
1260 901 1390 938 hiatus
1421 901 1462 937 in
1494 914 1651 938 caesura.
1698 901 1758 938 Fl.

268 971 474 1022 „[Iterun1]
517 969 623 1009 6556α
660 970 875 1017 scribebat,
909 970 1056 1007 Muller
1091 968 1210 1015 „Esse
1242 968 1488 1006 adsimulabo
1522 966 1674 1017 [eg0]“.
1706 989 1763 993 —-

264 1044 356 1079 868.
389 1042 492 1078 Ante
530 1036 650 1077 hodie
687 1039 839 1086 hiatus,
880 1037 984 1075 Cam.
1023 1035 1131 1084 „hic“
1168 1036 1360 1083 addebat,
1401 1036 1461 1074 Fl.
1500 1036 1651 1083 „Hodie
1681 1036 1763 1073 fru-

263 1107 517 1147 strationem“
540 1106 749 1144 scribebat.
782 1106 878 1143 Mox
902 1102 1076 1143 iniciam
1096 1105 1187 1141 olim
1206 1105 1472 1141 emendatum.
1490 1125 1547 1129 ——
1564 1106 1657 1142 869.
1677 1101 1763 1154 1⁷95-

265 1179 332 1216 ἴαν
363 1175 538 1223 (lemzm‘l,
570 1175 649 1212 vid.
684 1188 803 1224 supra
836 1175 929 1211 207.
982 1173 1043 1210 Ex
1074 1172 1293 1210 abundanti
1324 1173 1361 1209 h.
1394 1173 1419 1209 1.
1453 1172 1613 1210 additur
1644 1173 1763 1209 etiam

254 1246 368 1295 post.
401 1265 457 1269 —-
486 1240 654 1294 faciam,
679 1240 767 1291 fiat,
796 1242 938 1279 omisso
962 1242 1020 1289 ut,
1046 1241 1123 1279 vid.
1151 1241 1200 1278 ad
1225 1254 1260 1278 v,
1290 1242 1353 1277 12.
1379 1261 1435 1266 —-
1459 1241 1536 1277 871
1564 1254 1621 1290 sq.
1656 1237 1766 1289 quod

261 1310 441 1363 mauide
472 1312 552 1359 est,
592 1324 666 1361 pro
699 1320 796 1359 quo,
829 1324 864 1346 v.
899 1311 993 1346 713.
1054 1309 1312 1346 Accusativus
1343 1309 1381 1345 h.
1414 1309 1439 1344 Ι.
1474 1322 1518 1345 60
1551 1310 1673 1357 magis
1705 1311 1766 1345 est

263 1381 526 1426 necessarius,
561 1379 745 1429 quoniam
778 1380 999 1427 sequuntur
1030 1376 1193 1414 ablativi
1224 1378 1307 1413 sine
1333 1377 1639 1426 praepositione,
1672 1373 1764 1413 uiro

265 1453 303 1486 et
325 1459 401 1496 me,
433 1461 512 1485 non
542 1460 613 1494 „ex
636 1444 766 1493 uiro“,
804 1459 875 1492 „ex
906 1443 1009 1482 me“.
1034 1465 1091 1469 —
1116 1445 1209 1481 874.
1227 1441 1343 1491 lamec,
1375 1444 1613 1490 Alcmenam,
1647 1457 1764 1494 quam

265 1519 472 1554 exeuntem
503 1514 623 1551 videt.

380 1585 473 1620 875.
507 1578 689 1628 Durare,
723 1581 770 1618 cf.
793 1581 902 1618 Asin.
931 1582 1024 1618 898.
1058 1580 1143 1617 Mil.
1174 1581 1294 1617 1241.
1327 1579 1449 1617 Mero.
1479 1581 1571 1617 635.
1604 1579 1762 1616 Trucul.

267 1655 359 1690 325.
398 1651 487 1688 Ter.
519 1648 688 1699 Adelph.
724 1650 822 1686 554:
875 1648 988 1695 „Non
1027 1648 1157 1685 hercle
1199 1648 1262 1685 hic
1294 1648 1451 1698 quidem
1484 1647 1627 1684 durare
1659 1647 1763 1696 quis-

263 1733 399 1769 quam,
440 1719 473 1755 si
513 1718 566 1754 sic
604 1717 668 1764 fit,
708 1715 881 1766 potest“.
920 1737 977 1740 —
1017 1718 1110 1753 877.
1143 1713 1347 1764 ‘infectare
1387 1716 1459 1753 est.
1493 1716 1538 1753 at
1577 1712 1766 1753 clamitat

264 1787 349 1824 cod.
372 1787 402 1823 B
421 1790 616 1834 corrupte.
637 1785 786 1822 Camer.
806 1798 928 1822 corin:
967 1785 1135 1831 „infecta
1151 1785 1273 1821 refert
1291 1797 1335 1821 ac
1352 1781 1571 1821 cla1nitat“.
1618 1782 1764 1820 Linde-

263 1869 407 1901 mann„
435 1867 547 1903 quem
566 1853 625 1890 Fl.
651 1854 844 1902 sequitur,
884 1853 1054 1899 „infecta
1077 1866 1119 1889 re
1145 1865 1228 1889 esse
1253 1850 1517 1896 occlalnitat“,
1550 1851 1590 1888 in
1622 1851 1764 1900 quibus

263 1923 511 1958 Hermannus
554 1934 673 1970 quum
712 1920 1059 1957 animadvertisset
1094 1918 1184 1966 ,‚re“
1220 1933 1385 1970 pravum
1419 1932 1521 1966 esse,
1554 1919 1640 1968 ipse
1672 1932 1764 1956 con-

265 1991 374 2026 iecit:
429 1989 510 2035 „Ea
554 2002 640 2037 quae
686 1992 778 2025 sunt
818 1988 921 2025 facta
961 2001 1020 2034 re,
1061 1988 1208 2025 infecta
1246 2000 1329 2023 esse
1369 1984 1505 2023 occl.“.
1566 1986 1764 2035 Equidem

265 2058 405 2107 scripsi
435 2054 591 2105 infecta
623 2066 711 2092 esse
744 2053 886 2102 instat,
922 2052 1118 2093 clamitat.
1172 2051 1342 2092 Instare
1372 2055 1444 2091 hac
1476 2054 1763 2104 significatione

265 2127 494 2161 constanter
540 2123 759 2160 affirmandi
801 2123 959 2160 Terent.
998 2123 1122 2160 Andr.
1166 2124 1265 2160 147:
1317 2122 1435 2171 '„Ego
1481 2122 1580 2159 illud
1625 2121 1763 2158 sedulo

264 2205 407 2240 negare
439 2193 597 2229 factum.
659 2192 729 2228 Ille
761 2193 884 2228 instat
913 2189 1099 2228 factum“.
1165 2191 1228 2228 Ad
1259 2204 1374 2240 quem
1405 2190 1533 2227 locum
1564 2189 1761 2227 Donatus:

270 2260 478 2307 „Plautusz
519 2261 666 2297 instare
705 2259 852 2296 factum
883 2257 1044 2296 Simia“.
1106 2258 1337 2308 Asyndeton
1381 2259 1526 2305 „instat
1558 2254 1758 2295 clamitat“

262 2331 424 2365 tuentur
453 2328 530 2365 loci
563 2328 611 2364 ad
642 2341 677 2364 v.
715 2329 762 2364 13
797 2327 916 2363 allati.
952 2348 1005 2351 —
1037 2328 1130 2364 878.
1164 2324 1304 2375 asynde}
1332 2339 1383 2363 sc.
1417 2339 1478 2363 me
1509 2326 1667 2371 fecisse,
1701 2324 1764 2362 vel

264 2409 397 2432 eorum
429 2409 489 2432 ine
522 2397 663 2443 arguit,
697 2399 742 2432 ut
767 2408 802 2431 v.
833 2396 926 2432 890.
960 2415 1016 2418 ——
1048 2396 1141 2432 879.
1174 2405 1327 2443 susque
1359 2392 1488 2442 (leque.
1518 2390 1665 2431 habere
1694 2397 1763 2430 aut

262 2460 373 2510 serre
404 2463 553 2500 Gellius
581 2463 691 2509 XVI,
726 2465 748 2498 9
782 2461 1000 2510 significare
1032 2464 1089 2500 ait
1125 2476 1273 2512 „aequo
1306 2463 1436 2498 animo
1470 2475 1553 2498 esse
1586 2464 1626 2498 et
1657 2460 1763 2510 quod

264 2531 406 2567 accidit
444 2544 522 2568 non
563 2532 695 2579 magni
733 2530 904 2580 pendere
950 2534 1070 2579 atque
1112 2530 1308 2567 interdum
1348 2530 1556 2579 neglegere
1595 2532 1634 2565 et
1673 2541 1762 2565 con-

263 2602 476 2647 tempnere,
512 2603 551 2635 et
581 2598 868 2647 propemodum
900 2599 939 2634 id
970 2599 1097 2645 valet,
1131 2598 1239 2647 quod
1270 2598 1415 2635 dicitur
1446 2596 1580 2634 Graece
1612 2597 1762 2642 ἀδιαφο-

265 2664 377 2713 ρεῖνίῑ.
426 2666 521 2701 Tum
548 2666 718 2712 Laberii,
747 2666 945 2713 Varronis,
973 2667 1115 2703 Lucilii
1139 2667 1245 2702 locos
1276 2665 1401 2702 affert.
1448 2664 1590 2701 Festus
1614 2677 1652 2713 p.
1680 2665 1761 2700 290

263 2734 550 2781 interpretatur
586 2734 697 2782 „plus
728 2733 944 2770 niinusve⁴‘.
971 2754 1026 2759 -—
1054 2736 1146 2771 882.
1179 2729 1270 2771 Alit
1299 2730 1409 2770 Ssll‘e'S
1439 2729 1571 2782 faciat
1600 2729 1662 2769 ‘im
1690 2727 1762 2769 ille

265 2801 370 2848 (ctq.;
418 2804 498 2837 tres
544 2801 661 2849 primi
710 2800 831 2849 pedes
871 2806 962 2838 sunt
1007 2801 1204 2850 dactylus,
1253 2804 1491 2850 anapaestus,
1538 2799 1760 2848 spondaeus.

264 2867 442 2905 Lindem.
491 2872 530 2904 et
568 2868 627 2904 11³1.
669 2868 800 2905 deleto
848 2865 951 2905 mileo*
996 2868 1055 2905 ed.
1102 2869 1206 2915 „Aut
1250 2868 1372 2905 faciat
1418 2868 1513 2905 satis
1559 2865 1666 2904 ille“.
1705 2886 1761 2892 ’-
