1926 3275
754 353 796 389 V.
825 354 1014 388 135—152.
1557 356 1638 396 365

129 484 316 522 dubitare
355 484 538 532 sinentis,
580 484 626 522 cf.
658 484 763 522 infra
803 484 881 521 673
928 496 1014 531 „me
1052 481 1246 533 spectes“.
1314 482 1443 520 Simili
1481 484 1639 521 ratione

131 552 279 590 dicitur
314 566 399 600 „me
429 550 561 600 uide“,
593 552 759 590 Mercat.
798 552 918 590 1003.
971 550 1074 589 Rud.
1109 553 1202 589 680.
1262 551 1353 588 Ter.
1384 551 1509 589 Andr.
1544 552 1637 589 350.

130 620 290 658 Phorm.
324 622 419 658 711.
453 640 503 646 —-
542 621 632 658 145.
667 617 778 670 quod
807 620 1003 658 Camerar.
1036 633 1127 666 em.,
1170 618 1249 657 vid.
1283 619 1333 656 ad
1362 619 1507 669 Amph.
1543 621 1636 658 392.

129 709 188 713 —
209 685 314 727 ‘nihil
346 686 436 736 (nil)
471 685 704 738 quicquam,
738 689 785 726 cf.
811 688 951 725 Bacch.
977 688 1096 726 1029.
1130 687 1247 724 Most.
1274 688 1368 725 738.
1401 687 1523 724 Merc.
1543 688 1638 726 498.

132 758 227 794 657.
260 757 348 794 Ter.
366 756 460 794 Hec.
479 758 575 795 400.
621 757 752 794 Etiam
776 756 900 794 Cicer.
926 755 1034 793 Orat.
1058 755 1088 803 I,
1118 757 1181 803 30,
1204 756 1296 793 134.
1363 769 1500 803 „nemo
1533 757 1639 806 quis-

128 823 273 875 quam“
310 825 467 862 Terent.
494 825 596 862 Eun.
631 826 725 862 227.
762 826 882 863 1032.
914 824 1008 862 Hec.
1043 825 1108 862 67.
1141 844 1198 849 —-
1231 824 1323 862 146.
1355 821 1529 873 imperio
1560 825 1638 874 pri-

131 907 237 930 mam
260 894 447 943 corripit;
473 892 636 943 dipodia
660 906 706 930 ex
731 893 889 941 dactylo
916 896 955 930 et
980 896 1181 943 anapaesto
1208 895 1373 930 constat.
1392 913 1448 917 —
1467 893 1557 930 147.
1583 889 1639 931 Te

129 965 274 999 neutro
305 962 391 999 loco
424 961 600 998 eliditur.

249 1029 342 1067 148.
374 1029 623 1078 Expectabat
654 1029 861 1066 mulierem
892 1028 953 1066 his
984 1029 1102 1066 minis
1135 1029 1390 1066 conterritam
1429 1030 1638 1066 exituram.

130 1094 195 1145 id,
228 1097 477 1135 accusativus
507 1098 755 1146 pronominis
786 1101 879 1148 post
911 1094 1065 1147 dissuas
1097 1100 1206 1133 extat
1237 1098 1357 1133 etiam
1389 1095 1502 1146 Capt.
1537 1098 1636 1134 962:

136 1165 250 1213 „Non
287 1179 350 1202 me
389 1178 523 1202 censes
563 1167 664 1203 scire
703 1165 800 1216 quid
838 1165 980 1215 dignus
1012 1162 1161 1202 siem?“
1226 1164 1313 1201 Ter.
1346 1164 1502 1201 Phorm.
1538 1165 1636 1201 519:

134 1232 212 1280 „Di
242 1233 320 1270 tibi
350 1246 484 1270 omnes
514 1233 556 1270 id
588 1233 694 1283 quod
726 1247 766 1271 es
798 1233 940 1283 dignus
972 1230 1135 1270 duint!“
1199 1232 1329 1270 Plaut.
1361 1231 1502 1269 Pseud.
1537 1232 1637 1269 942:

136 1301 260 1348 „Nam
291 1303 324 1339 si
356 1305 552 1352 exoptem,
586 1304 778 1351 quantum
811 1295 990 1349 dignu's,
1023 1304 1177 1338 tantum
1210 1300 1323 1347 dent,
1355 1300 1484 1336 minus
1515 1300 1639 1337 nihilo

132 1367 226 1407 sit“.
257 1390 316 1394 —
349 1371 442 1407 149.
476 1366 745 1419 conloquatur
782 1370 860 1407 iam
891 1371 932 1406 in
963 1369 1075 1407 codd.
1104 1369 1380 1415 ¹emendatum3
1413 1368 1461 1405 cf.
1494 1368 1638 1418 Amph.

134 1438 228 1475 335.
265 1458 315 1462 —
350 1439 441 1475 150.
472 1433 625 1487 Atque,
653 1437 700 1476 cf.
718 1437 861 1488 Amph.
882 1438 977 1476 948.
1002 1457 1058 1464 —-
1081 1432 1299 1484 inlecebra,
1328 1436 1374 1474 cf.
1401 1436 1516 1474 Truc.
1540 1438 1636 1475 186:

136 1499 302 1553 „Mala’s
335 1508 454 1555 atque
487 1505 633 1553 eadem,
668 1519 768 1555 quae
800 1506 914 1553 soles,
947 1503 1189 1542 inlecebra“.
1240 1506 1340 1542 746:
1378 1505 1484 1551 „Iam
1508 1505 1639 1543 hercle

128 1585 204 1622 ego
236 1573 331 1621 tibi,
364 1573 583 1621 inlecebra,
616 1573 732 1611 ludos
763 1574 906 1611 faciam
938 1573 1107 1610 clamore
1146 1573 1187 1610 in
1224 1571 1331 1610 uia“.
1373 1593 1424 1597 —-
1468 1568 1638 1622 Offl'nor.

131 1642 225 1680 Haec
254 1643 352 1679 lenae
385 1641 482 1679 dicit
518 1642 597 1678 iam
636 1642 864 1692 prodeunti.
896 1661 950 1666 —-
985 1641 1076 1679 151.
1111 1636 1271 1690 loquar,
1304 1641 1337 1678 si
1368 1654 1504 1678 versus
1536 1644 1640 1678 recte

128 1710 331 1757 scribitur,
365 1712 579 1747 extremam
611 1710 791 1760 corripit.
852 1709 911 1747 Fl.
945 1712 1117 1759 transp.:
1156 1709 1271 1756 „Meo
1302 1709 1446 1759 loquar
1476 1707 1637 1746 modo“.

251 1779 343 1816 152.
376 1777 557 1816 Cleareta
588 1781 744 1815 tantum
776 1777 888 1815 abest
917 1780 962 1814 ut
994 1777 1170 1815 convicio
1211 1777 1477 1814 adulescentis
1515 1777 1641 1814 fracta

128 1847 194 1894 sit,
227 1849 272 1883 ut
301 1846 555 1884 vehementer
587 1859 632 1883 eo
665 1845 847 1894 gaudeat,
876 1845 1065 1895 quoniam
1091 1845 1182 1882 inde
1209 1848 1416 1895 appareat,
1449 1848 1640 1894 quantum

133 1914 312 1952 dolorem
350 1927 397 1951 ex
435 1914 595 1964 repulsa
634 1915 831 1963 acceperit
869 1916 908 1951 et
946 1927 1064 1962 quam
1096 1926 1198 1961 aegre
1230 1912 1469 1950 desiderium
1500 1912 1640 1961 puellae

134 1983 249 2020 ferat.
314 1982 443 2028 Quare
483 1996 562 2020 non
601 1982 804 2029 dubitans,
847 1982 942 2031 quin
972 1981 1035 2018 hic
1066 1981 1285 2032 Argyrippi
1316 1982 1467 2018 animus
1499 1992 1641 2028 magno

132 2051 242 2087 lucro
288 2050 363 2087 sibi
407 2051 567 2088 futurus
612 2052 683 2097 sit,
733 2050 889 2098 singula
925 2049 1041 2087 huius
1081 2050 1247 2087 convicii
1284 2049 1406 2087 verba
1443 2049 1640 2098 Philippis

132 2119 263 2156 aureis
294 2131 335 2156 se
366 2119 618 2156 vendituram
657 2121 789 2166 negat.
822 2138 879 2143 —-
909 2114 1081 2155 uerbum
1118 2119 1323 2168 genetivus
1363 2117 1529 2167 pluralis
1569 2120 1639 2163 est,

130 2186 181 2224 cf.
201 2187 302 2223 278:
341 2185 607 2234 „inimicum“.
638 2207 696 2211 —
729 2182 978 2235 Philippei&
1010 2187 1035 2223 i.
1064 2199 1095 2222 e.
1129 2186 1257 2223 aureis
1289 2186 1469 2232 nummis,
1504 2185 1641 2234 quales

133 2254 224 2290 inde
257 2268 280 2292 a
309 2254 497 2305 Philippo
528 2254 567 2291 II
598 2253 795 2291 cudebant
826 2254 1090 2291 Macedonum
1130 2267 1253 2303 reges.
1314 2253 1501 2290 Florente
1534 2252 1639 2289 Grae-

134 2335 267 2359 corum
314 2323 545 2359 commercio
591 2335 662 2371 per
702 2325 832 2359 totum
873 2321 1006 2359 orbem
1044 2321 1309 2369 vulgabantur
1343 2323 1547 2357 rl1z).1'7mewc
1589 2333 1639 2357 sc.

135 2392 321 2440 στατῆρεςς
354 2390 521 2427 Romani
539 2390 771 2438 Philippeos
797 2393 866 2426 aut
882 2389 1088 2439 Philippos
1112 2389 1319 2426 vocabant.
1366 2389 1483 2425 Prior
1514 2388 1642 2425 forma

134 2458 334 2507 antiquior
366 2471 448 2495 esse
479 2457 656 2503 videtur,
691 2457 797 2507 apud
813 2457 999 2494 Plautum
1032 2460 1140 2494 extat
1164 2457 1269 2494 Pcen.
1290 2457 1383 2494 717.
1417 2456 1525 2493 Trin.
1549 2457 1639 2493 152.

134 2525 234 2564 Rud.
273 2527 400 2573 1314,
440 2525 582 2575 quibus
622 2525 716 2563 locis
762 2538 838 2563 vox
884 2525 1184 2575 quadrisyllaba
1230 2529 1308 2572 est,
1358 2537 1477 2573 quum
1523 2524 1640 2573 vulgo

134 2595 350 2632 contractis
383 2593 534 2631 duabus
565 2593 718 2630 ultimis
751 2594 872 2630 trium
904 2593 1145 2642 syllabarum
1178 2594 1247 2640 sit3
1281 2606 1371 2630 nam
1403 2593 1456 2629 sic
1484 2605 1641 2642 quoquc

134 2675 215 2699 non
245 2674 337 2699 raro
371 2672 390 2698 c
421 2661 617 2708 scribitur,
652 2665 696 2698 ut
727 2661 764 2698 h.
798 2661 822 2698 l.
855 2661 995 2698 Bacch.
1024 2662 1117 2698 216.
1151 2660 1263 2698 Curc.
1291 2662 1385 2698 440.
1418 2660 1523 2696 Pccn.
1548 2660 1639 2697 166.

131 2729 243 2767 Trin.
277 2731 370 2767 955.
414 2730 492 2767 965
543 2733 581 2766 et
626 2729 732 2779 apud
771 2728 927 2766 Livium
958 2728 1151 2776 XXXIX,
1188 2731 1229 2776 7,
1268 2730 1301 2766 1.
1371 2728 1525 2765 Omissa
1568 2728 1642 2764 hac

133 2797 261 2834 vocali
296 2793 522 2846 Philippus
555 2800 661 2834 extat
691 2796 832 2834 Bacch.
867 2797 960 2834 226.
998 2798 1118 2834 1177.
1151 2796 1256 2834 Poen.
1290 2798 1384 2833 412.
1420 2797 1512 2833 673.
1547 2797 1641 2832 774.

136 2866 232 2902 784.
271 2866 390 2903 1363.
437 2865 545 2902 Trin.
579 2866 673 2902 959.
711 2865 837 2912 1158,
879 2868 924 2902 ut
962 2865 1067 2914 apud
1098 2864 1238 2901 Horat.
1271 2864 1346 2913 Ep.
1378 2863 1434 2910 II,
1472 2864 1512 2910 1,
1548 2864 1641 2899 234.

132 2932 322 2984 Corrupti
360 2936 452 2971 sunt
489 2933 567 2971 loci
600 2933 759 2970 Trucul.
793 2934 871 2971 939
915 2936 954 2970 et
984 2933 1069 2970 Mil.
1107 2933 1233 2979 1054,
1281 2932 1350 2969 ubi
1397 2931 1640 2981 scripserim:
