1926 3275
763 260 1043 306 Prolegomena.
1578 263 1656 302 149

153 393 260 431 intra
281 392 325 430 M
348 393 521 430 litteram
544 393 602 429 ita
623 392 813 439 variatur,
844 394 891 429 ut
919 390 995 428 hoc
1026 389 1164 427 ordine
1195 403 1236 427 se
1267 389 1465 440 excipiant
1494 390 1655 428 fabulae:

151 461 366 509 Mercator,
397 460 654 507 Mostellaria,
686 460 816 508 Miles,
847 458 1091 497 Menaechmi.

269 529 424 576 Quanto
457 529 588 566 studio
611 529 666 566 M.
689 529 815 566 Varro
847 531 887 566 et
918 531 1072 566 ceteros
1103 529 1244 578 poetas
1275 526 1449 564 scenicos
1481 529 1520 564 et
1542 527 1659 564 Plau-

152 600 239 635 tum
278 597 481 647 amplexus
521 598 590 644 sit,
628 600 711 634 tam
742 611 790 634 ex
818 597 948 634 titulis
979 596 1189 642 librorum,
1222 595 1291 645 qui
1322 594 1523 645 deperditi
1554 598 1657 643 sunt,

155 678 273 716 quam
305 678 353 702 ex
383 665 430 701 iis
462 678 549 714 quae
588 667 723 702 extant
760 665 808 702 de
846 665 983 713 lingua
1012 663 1158 701 Latina
1194 663 1326 710 libris,
1369 665 1545 710 constat,
1586 676 1659 700 nec

154 733 394 783 antiquitate
425 733 562 780 solum,
596 733 665 770 sed
695 734 815 770 etiam
846 733 1003 782 ingenio
1035 734 1164 782 poetae
1199 744 1288 768 eum
1312 730 1551 768 delectatum
1577 743 1660 767 esse

154 804 334 851 apparet,
368 802 515 851 quippe
547 814 662 850 quem
698 802 763 848 „in
787 798 1058 838 sermonibus“
1096 802 1246 837 ceteros
1272 812 1458 849 superare
1483 801 1661 836 censeret

157 867 276 917 (Non.
301 882 339 919 p.
368 866 480 916 373).
529 869 665 907 Cicero
692 882 849 919 quoque
873 882 994 918 quum
1017 867 1095 904 duo
1119 868 1317 917 posuisset
1338 866 1495 904 iocandi
1516 879 1662 916 genera

157 934 250 985 (Off.
287 938 320 985 1,
355 932 419 984 29,
452 935 562 985 104),
595 951 716 974 unum
746 937 962 984 illiberale,
995 936 1198 986 petulans,
1230 934 1492 985 flagitiosum,
1526 934 1661 972 obsce-

154 1019 268 1052 num,
309 1005 477 1042 alterum
517 1005 692 1054 elegans,
733 1004 947 1051 urbanum,
994 1004 1262 1054 ingeniosum,
1308 1004 1499 1049 facetum,
1545 1002 1661 1039 huius

156 1073 380 1124 exemplum
419 1087 466 1110 ex
503 1072 645 1109 Plauto
689 1073 820 1122 petiit.
880 1071 1094 1109 Diversum
1132 1070 1292 1108 Horatii
1336 1071 1527 1108 iudicium
1571 1070 1660 1117 fuit,

157 1142 226 1193 qui
256 1144 296 1178 et
327 1141 469 1178 stultos
500 1140 698 1190 appellat,
732 1141 800 1190 qui
829 1153 967 1178 versus
999 1143 1039 1176 et
1068 1139 1231 1176 facetias
1262 1139 1344 1176 eius
1375 1138 1589 1185 mirentur,
1623 1140 1663 1174 et

155 1223 415 1260 personarum
446 1221 575 1245 mores
606 1221 695 1245 eum
725 1221 866 1258 parum
897 1208 1112 1255 diligenter
1141 1207 1247 1244 tueri
1279 1207 1375 1244 dicit
1406 1203 1496 1256 (Ep.
1523 1207 1565 1242 in
1579 1205 1660 1242 Pis.

158 1278 239 1315 270
272 1291 358 1327 sqq.
389 1276 464 1327 Ep.
496 1276 554 1323 ΙΙ,
592 1277 633 1323 1,
670 1273 781 1323 170).
842 1275 933 1313 Non
967 1275 1133 1312 multum
1165 1274 1350 1311 dissentit
1381 1273 1661 1320 Quintilianus,

157 1345 221 1382 cui
259 1345 326 1382 vix
362 1345 489 1382 levem
526 1344 706 1381 umbram
745 1343 892 1381 Graecae
930 1344 1136 1391 elegantiae
1173 1343 1342 1380 Romani
1388 1341 1525 1379 comici
1571 1354 1662 1378 con-

157 1413 282 1450 secuti
314 1426 398 1450 esse
428 1412 668 1449 videbantur
699 1409 765 1459 (X,
796 1412 829 1458 l,
858 1408 943 1458 99).
990 1411 1066 1448 Hic
1088 1423 1181 1447 vero
1207 1424 1328 1460 quum
1353 1410 1497 1459 spretis
1527 1421 1663 1445 recen-

156 1480 327 1517 tioribus
344 1480 573 1519 Ciceronem
599 1480 835 1516 imitandum
866 1492 949 1516 esse
981 1479 1194 1526 docuisset,
1227 1479 1351 1516 secuti
1382 1480 1486 1524 sunt,
1519 1475 1662 1526 quibus

156 1561 207 1586 ne
238 1548 372 1586 Cicero
412 1548 574 1599 quidem
611 1548 696 1597 ipse
734 1548 832 1584 satis
877 1560 1001 1596 purus
1048 1549 1087 1584 et
1132 1547 1290 1594 elegans
1335 1545 1551 1583 videretur.
1611 1542 1664 1579 Hi

159 1617 414 1665 antiquorum
454 1616 747 1666 simplicitatem
784 1615 900 1652 unice
931 1614 1115 1651 admirati
1146 1614 1397 1660 Sallustium,
1431 1611 1661 1657 Gracchum,

159 1682 349 1721 Catonem
386 1684 507 1721 etiam
544 1687 777 1732 veteresque
818 1683 985 1719 comicos
1015 1681 1320 1728 aemulabantur,
1352 1680 1539 1717 Plautum
1569 1691 1663 1715 vero

158 1752 201 1789 in
232 1751 383 1788 deliciis
421 1751 638 1798 habebant,
680 1751 748 1800 qui
786 1750 916 1788 Gellio
957 1749 1114 1799 quidem
1155 1749 1391 1796 „verborum
1428 1747 1664 1784 Latinorum

161 1817 498 1869 elegantissimus“
547 1819 708 1856 videtur
753 1821 793 1855 et
842 1817 980 1865 „homo
1024 1817 1171 1865 linguae
1216 1820 1336 1866 atque
1377 1815 1586 1863 elegantiae
1623 1814 1665 1850 in

160 1887 292 1924 verbis
321 1886 477 1924 Latinae
507 1884 732 1937 princeps“.

274 1954 425 1992 Eadem
456 1957 570 1992 aetate
599 1955 745 1992 vixisse
770 1953 956 1990 videntur
981 1952 1239 2002 grammatici,
1274 1951 1342 2000 qui
1373 1953 1666 1998 argumenta

161 2022 384 2060 fabularum
413 2023 594 2059 versibus
626 2022 675 2059 ad
705 2022 838 2059 Plauti
879 2021 1079 2070 exemplar
1109 2021 1223 2057 factis
1256 2020 1511 2068 scripserunt.
1572 2017 1667 2054 Haeo

162 2091 265 2128 enim
296 2094 377 2127 tam
408 2090 554 2127 similia
584 2092 676 2127 sunt
705 2090 901 2139 periochis
933 2089 1173 2137 Vergilianis
1205 2091 1245 2124 et
1274 2086 1544 2132 Terentianis,
1579 2097 1665 2134 quae

163 2158 381 2208 Sulpicium
410 2158 683 2207 Apollinarem
714 2157 1076 2207 Carthaginiensem
1107 2159 1308 2193 auctorem
1338 2153 1589 2205 profitentur,
1621 2155 1668 2188 ut

163 2239 242 2264 non
280 2229 428 2263 temere
465 2226 707 2263 Ritschelius
754 2223 953 2274 (Prolegg.
992 2225 1168 2261 Trinum.
1210 2237 1249 2273 p.
1284 2224 1363 2260 317
1402 2218 1479 2270 sq.)
1525 2220 1666 2257 horum

164 2307 321 2344 quoque
353 2294 491 2330 saltem
523 2294 687 2330 alteram
719 2294 858 2330 seriem
890 2293 1018 2329 eidem
1050 2291 1287 2329 adtribuisse
1317 2290 1514 2327 videatur.
1567 2287 1667 2324 Nam

164 2365 211 2399 ut
246 2361 430 2399 AEneidis
473 2360 669 2398 librorum
711 2360 957 2407 singulorum
996 2362 1228 2408 argumenta
1273 2358 1377 2394 senis
1416 2354 1666 2400 hexametris,

164 2429 493 2467 Terentianarum
524 2428 745 2464 fabularum
777 2426 969 2464 duodenis
1001 2428 1178 2473 senariis,
1206 2427 1262 2463 ita
1283 2426 1414 2462 Plauti
1445 2422 1667 2460 fabularum

166 2499 397 2546 argumenta
427 2496 705 2545 grammaticus
737 2495 947 2544 quindenis
978 2495 1142 2531 senariis
1173 2493 1399 2542 complexus
1434 2494 1494 2528 est
1523 2492 1670 2539 praeter

166 2565 508 2615 Amphitryonem,
542 2563 651 2599 cuius
681 2562 870 2612 periocha
894 2562 1025 2599 decem
1054 2574 1235 2599 versuum
1261 2557 1381 2607 est*).
1429 2558 1507 2596 Sed
1529 2557 1668 2594 horum

204 2728 237 2772 *)
262 2728 379 2762 Huius
406 2727 665 2771 discrepantiae
692 2738 774 2770 quae
801 2738 910 2761 causa
936 2727 1000 2769 sit,
1026 2737 1093 2770 pro
1120 2728 1221 2759 certo
1254 2725 1418 2759 iudicare
1442 2735 1518 2757 non
1541 2733 1670 2767 possu-

260 2795 351 2818 mus.
401 2783 507 2826 Quod
538 2783 763 2817 Ritschclius
801 2782 848 2827 (p.
875 2785 941 2817 318
971 2782 1062 2825 not.)
1099 2781 1310 2826 suspicatur
1346 2791 1507 2825 qumque
1542 2788 1668 2813 versus

260 2840 504 2883 intercidisse,
530 2840 681 2874 minime
706 2839 885 2874 credibile
910 2843 975 2882 est,
1001 2850 1085 2873 nam
1110 2839 1203 2873 nihil
1224 2838 1464 2872 desideratur.
