1926 3275
295 355 313 393 1
322 355 374 394 78
902 345 1180 390 Prolegomena.

290 481 391 518 leius
419 476 705 528 vituperandus
736 479 813 522 est,
847 475 954 525 quod
984 487 1158 512 errorem
1189 474 1379 511 Martiani
1410 477 1451 512 et
1480 474 1674 512 Prisciani
1712 488 1795 513 non

292 547 582 591 animadvertit,
616 543 814 594 quomodo
845 556 915 580 nos
946 543 1103 580 laudari
1128 555 1347 593 possumuS,
1373 544 1406 580 si
1429 543 1598 580 scientes
1620 542 1795 580 Bentleii

291 628 464 654 errorem
494 610 740 662 repetimus?
784 611 858 658 At,
891 612 1096 660 inquiunt,
1131 624 1209 660 quo
1240 610 1398 648 nomine
1435 614 1612 657 utamur,
1651 624 1793 661 parum

288 684 425 729 refert,
457 680 573 718 modo
607 680 655 717 de
686 677 973 729 significatione
1002 691 1142 716 vocum
1174 679 1395 716 conveniat.
1449 678 1554 725 Quid
1583 682 1726 726 autem,
1758 679 1794 716 si

288 751 457 789 nominis
503 762 615 786 error
659 761 745 785 cum
789 747 965 784 notionis
1007 759 1142 783 errore
1182 747 1414 783 coniunctus
1453 749 1531 793 est,
1570 759 1795 797 nomenque

288 821 417 869 ipsum
449 830 621 855 errorem
653 814 899 853 commendat
930 817 969 851 et
998 812 1158 851 firmat?
1190 814 1312 851 Immo
1345 814 1590 851 abiiciendus
1618 817 1677 852 est
1699 828 1794 865 pra-

287 901 358 924 vus
389 887 462 923 iste
493 883 777 922 vocabulorum
808 895 915 929 usus,
945 885 984 919 et
1005 882 1258 929 Aristoxeno,
1283 881 1487 931 Dionysio,
1513 882 1792 932 Hephaestione

289 953 518 992 auctoribus
556 952 652 988 arsis
689 951 832 997 levior,
873 950 999 987 thesis
1044 950 1205 999 gravior
1248 949 1362 1000 pedis
1407 963 1499 999 pars
1539 950 1790 1001 appellanda.

288 1023 373 1059 Hoc
403 1020 695 1058 recentissimus
727 1019 823 1055 artis
861 1019 1034 1055 metricae
1076 1021 1230 1065 auctor,
1265 1017 1477 1065 Christius,
1511 1032 1630 1068 quum
1661 1018 1793 1056 facere

289 1092 470 1140 cuperet,
517 1100 595 1124 non
636 1089 696 1124 est
733 1099 869 1132 ausus,
909 1086 988 1122 nisi
1027 1086 1133 1135 quod
1170 1085 1388 1133 interdum,
1428 1086 1498 1123 ubi
1537 1087 1792 1136 antiquorum

286 1158 456 1206 vestigia
486 1155 661 1206 pressius
699 1153 901 1203 sequenda
938 1153 1195 1200 videbantur,
1237 1153 1383 1192 Graecis
1419 1153 1566 1191 litteris
1606 1155 1714 1190 θέσιν
1752 1157 1794 1190 et

287 1227 391 1275 ἄρσιν
429 1224 565 1274 posuit
602 1223 800 1260 contrario
839 1235 976 1268 sensu,
1025 1235 1142 1271 quam
1179 1221 1248 1258 ubi
1287 1221 1423 1259 eadem
1454 1221 1610 1259 Latinis
1652 1221 1792 1259 scribit

290 1292 456 1341 (Metrik
488 1292 558 1328 der
588 1290 782 1328 Griechen
812 1290 896 1327 und
926 1290 1071 1327 Romer
1101 1303 1139 1339 p.
1174 1287 1266 1337 43);
1308 1303 1380 1327 nos
1410 1290 1557 1339 ubique
1587 1289 1790 1338 faciemus,

285 1362 363 1398 nisi
392 1360 462 1397 ubi
493 1359 656 1396 aliorum
690 1359 930 1407 scriptorum
961 1357 1083 1395 verba
1110 1357 1333 1419 afferemus.

400 1427 623 1473 Bentleius,
658 1426 726 1475 qui
757 1425 933 1463 editione
964 1425 1141 1462 Terentii
1173 1428 1212 1462 et
1242 1425 1525 1463 schediasmate
1564 1425 1612 1462 de
1650 1427 1791 1463 metris

285 1496 537 1533 Terentianis
568 1494 658 1531 huic
697 1494 923 1543 anteposito
953 1496 1109 1530 tantum
1141 1494 1309 1531 contulit
1341 1493 1392 1530 ad
1422 1494 1663 1531 scenicorum
1693 1507 1789 1544 poe-

284 1567 417 1600 tarum
463 1565 589 1599 metra
633 1561 911 1610 intelligenda,
964 1560 1162 1611 „primus“
1211 1565 1256 1598 ut
1299 1563 1384 1611 ipse
1430 1562 1487 1599 ait
1537 1562 1662 1608 „ictus
1707 1562 1791 1599 sive

286 1632 424 1681 ἄρσεις,
461 1641 604 1677 magno
645 1629 881 1666 discentium
922 1629 1144 1676 commodo,
1191 1643 1263 1679 per
1309 1632 1494 1666 accentus
1540 1632 1678 1667 acutos
1723 1643 1790 1666 ex-

284 1697 470 1750 pressit“.
517 1697 574 1734 Ac
604 1697 652 1734 de
684 1696 888 1734 commodo
922 1697 1080 1746 quidem
1109 1710 1189 1734 non
1221 1700 1279 1734 est
1310 1697 1414 1747 quod
1438 1697 1694 1745 ambigamus,
1719 1696 1788 1734 sed

286 1767 392 1817 quod
422 1765 554 1803 addit:
607 1764 781 1811 „Horum
820 1768 1052 1802 accentuum
1092 1765 1215 1803 ductu
1256 1763 1306 1813 (si
1336 1778 1413 1802 vox
1443 1766 1484 1802 in
1513 1765 1593 1802 illis
1625 1764 1787 1813 syllabis

285 1837 449 1872 acuatur
481 1863 488 1870 .
509 1863 516 1870 .
537 1830 564 1879 .)
603 1845 742 1869 versus
779 1833 983 1870 universos
1022 1832 1159 1870 eodem
1196 1832 1313 1870 modo
1352 1833 1479 1870 lector
1519 1832 1672 1879 efferet,
1707 1845 1787 1881 quo

285 1903 376 1939 olim
408 1902 456 1938 ab
489 1903 620 1937 actore
650 1900 692 1936 in
723 1913 865 1936 scaena
896 1899 945 1937 ad
974 1899 1113 1937 tibiam
1136 1898 1538 1950 pronuntiabantur“,
1563 1900 1605 1937 id
1628 1900 1789 1937 omnino

283 1969 507 2018 negandum
531 1970 602 2004 est.
648 1967 711 2003 An
736 1970 849 2003 tanta
878 1967 991 2004 nobis
1024 1967 1264 2005 confidentia
1295 1971 1365 2014 est,
1397 1971 1444 2005 ut
1474 1971 1652 2004 nostram
1683 1969 1787 2005 anti-

285 2049 450 2086 quarum
489 2036 714 2082 linguarum
754 2036 1118 2084 pronuntiationem
1156 2036 1365 2084 genuinam
1404 2048 1487 2072 esse
1519 2034 1786 2073 arbitremur?

282 2105 404 2141 Immo
450 2104 532 2139 sive
577 2115 726 2139 morem
772 2103 974 2151 sequimur
1012 2116 1084 2152 per
1122 2103 1263 2139 saecula
1300 2103 1511 2149 traditum,
1552 2103 1784 2152 magistrum

281 2172 441 2208 minime
472 2170 754 2220 spernendum,
787 2170 869 2207 sive
909 2170 1153 2207 coniecturas
1191 2170 1404 2220 probamus
1437 2184 1484 2207 ex
1515 2170 1607 2207 solis
1638 2171 1784 2207 litteris

283 2239 430 2285 ductas,
463 2252 542 2276 non
573 2238 775 2274 modestiae
808 2237 877 2274 sed
907 2238 1091 2274 veritatis
1122 2251 1240 2275 causa
1269 2238 1472 2275 fatendum
1504 2241 1576 2284 est,
1608 2251 1681 2275 nos
1712 2237 1786 2275 hac

284 2307 439 2356 quidem
470 2307 511 2342 in
542 2319 584 2342 re
615 2306 786 2355 plurima
816 2306 1011 2354 ignorare.
1058 2304 1112 2342 Et
1136 2305 1242 2354 quod
1266 2305 1315 2342 ad
1339 2319 1476 2342 versus
1509 2306 1662 2352 attinet,
1695 2305 1784 2354 quis

281 2374 400 2411 hodie
415 2375 587 2421 ignorat,
613 2374 796 2422 antiquos
816 2377 957 2422 poetas
981 2374 1242 2422 quantitatem
1268 2373 1519 2422 syllabarum,
1545 2386 1624 2410 non
1648 2386 1782 2410 accen-

280 2446 343 2479 tus
375 2445 527 2478 secutos
561 2440 674 2478 esse?
722 2441 832 2478 Notae
871 2445 1002 2478 autem
1042 2441 1091 2478 ad
1120 2442 1224 2478 ictus
1256 2441 1486 2478 indicandos
1517 2441 1784 2490 superpositae

282 2523 455 2546 errorem
487 2509 614 2555 alunt,
649 2510 761 2557 quasi
792 2513 974 2546 accentus
1007 2523 1164 2559 quoque
1195 2509 1355 2558 aliquod
1387 2512 1631 2545 momentum
1663 2508 1783 2545 fuerit

281 2577 319 2613 in
351 2577 530 2613 versibus
561 2576 791 2625 pangendis.
854 2577 1021 2613 Bentleii
1062 2576 1220 2626 quidem
1252 2576 1333 2613 haec
1363 2577 1561 2613 sententia
1590 2575 1686 2621 fuit,
1720 2576 1782 2612 cui

280 2647 445 2693 propter
476 2644 583 2680 illam
614 2645 898 2693 pronuntiandi
929 2645 1122 2681 rationem
1146 2645 1288 2680 mirum
1312 2644 1532 2690 videbatur,
1565 2643 1596 2680 si
1623 2643 1783 2692 quando

280 2711 559 2748 vocabulorum
600 2715 781 2748 accentus
815 2725 899 2748 cum
931 2713 1011 2748 ictu
1042 2712 1204 2748 metrico
1234 2712 1476 2761 pugnabant.
1538 2711 1609 2748 Vir
1640 2711 1780 2748 doctus

280 2779 435 2816 Latinis
468 2780 624 2816 comicis
655 2792 892 2828 magnopere
917 2778 1133 2816 cavendum
1162 2780 1283 2816 fuisse
1309 2779 1502 2825 censebat,
1541 2792 1612 2825 .,ne
1643 2781 1780 2815 contra

280 2847 422 2894 lingum
456 2847 612 2893 genium
643 2847 745 2883 ictus
777 2860 846 2883 seu
879 2849 1060 2883 accentus
1092 2847 1131 2883 in
1164 2860 1321 2896 quoque
1351 2860 1466 2884 versu
1495 2846 1667 2894 syllabas
1692 2858 1781 2882 ver-

279 2914 420 2951 borum
451 2914 610 2950 ultimas
643 2912 891 2962 oceuparet“‚
927 2927 1164 2962 quamquam
1206 2914 1307 2951 idem
1345 2915 1464 2964 paulo
1505 2916 1595 2962 post
1625 2913 1700 2951 hoc
1730 2912 1779 2949 de
