1926 3275
283 331 364 370 124
967 324 1091 359 Plauti
1394 323 1459 368 ΙΠ,
1476 325 1508 367 3,
1526 322 1698 367 152—IV,
1715 324 1744 367 1,
1758 323 1779 358 9

280 453 388 495 Illac
419 467 497 507 per
526 453 702 494 hortum
734 450 931 492 circumit
963 450 1085 500 clam,
1116 464 1170 491 ne
1202 449 1298 503 quis
1329 463 1373 491 se
1404 449 1575 492 uideret
1714 454 1781 489 '735

280 525 376 567 Huc
406 526 470 567 ire
500 523 800 574 familiarium3
834 537 887 564 ne
918 536 1027 563 uxor
1056 522 1262 562 resciscat
1292 521 1459 563 metuit.

280 597 345 639 De
377 600 558 651 argento
591 597 627 637 si
657 599 797 636 mater
828 598 906 635 tua
937 593 1060 644 sciat,
1092 597 1140 634 ut
1171 593 1228 634 sit
1258 591 1422 634 factum
1454 626 1462 634 .
1490 626 1497 634 .

864 680 1197 734 Argyrippus

1510 735 1633 788 Heia,

281 797 400 839 Bene
432 797 575 839 dicite.

920 865 1150 906 Libanus

598 938 663 980 Ite
695 939 809 979 intro
844 937 944 978 cito.

869 1024 1198 1078 Argyrippus

966 1095 1132 1137 Ualete.

915 1181 1152 1223 Leonida

1146 1252 1204 1294 Et
1233 1267 1312 1294 uos
1343 1256 1499 1293 amate.

491 1509 774 1552 DIABOLUS
806 1508 1190 1550 ADULESCENS.
1256 1507 1579 1550 PARASITUS.

906 1611 1165 1653 Diabolus

341 1684 537 1737 Agedum
566 1684 697 1725 istum
728 1682 907 1725 ostende
939 1697 1067 1735 quem
1100 1682 1360 1736 conscripsti
1390 1681 1685 1736 syngraphum

341 1757 460 1797 Inter
490 1769 558 1797 me
591 1759 634 1796 et
665 1755 849 1796 amicam
880 1758 923 1795 et
952 1754 1115 1805 lena1n;
1148 1754 1264 1806 leges
1296 1753 1492 1807 perlege3
1717 1754 1786 1787 740

341 1828 452 1870 Nam
480 1831 529 1869 tu
560 1830 691 1881 poeta
723 1841 767 1868 es
799 1840 977 1880 prorsus
1010 1825 1066 1866 ad
1097 1839 1194 1866 eam
1223 1839 1316 1866 rem
1346 1826 1511 1866 unicus.

896 1897 1180 1938 Parasitus

341 1970 576 2012 Horrescet
605 1967 705 2010 faxo
737 1969 846 2020 lena,
878 1968 996 2020 leges
1028 1982 1157 2020 quom
1189 1968 1347 2010 audiet.

903 2039 1167 2080 Diabolus

342 2113 433 2166 Age
465 2126 628 2166 quaeso
662 2112 766 2152 mihi
794 2110 938 2152 hercle
970 2111 1202 2164 translege.

898 2181 930 2222 P
942 2195 966 2222 a
975 2196 996 2222 r
1006 2196 1031 2222 a
1040 2183 1108 2223 sit
1117 2197 1145 2223 u
1155 2196 1173 2222 s

1219 2254 1392 2296 Audin?

909 2325 1168 2366 Diabolus

1410 2381 1562 2423 Audio.

896 2452 1176 2494 Parasitus

346 2523 568 2564 ‘Diabolus
602 2523 754 2564 Glauci
784 2523 898 2565 filius
932 2523 1157 2566 Clearetae

344 2594 486 2635 Lenae
519 2594 640 2635 dedit
671 2595 784 2636 dono
817 2596 985 2648 argenti
1017 2596 1172 2649 uiginti
1199 2595 1352 2646 minas,
1718 2594 1785 2628 '745

343 2664 611 2705 Philaenium
643 2670 693 2706 ut
723 2680 868 2707 secum
901 2670 1013 2708 esset
1042 2668 1184 2708 noctis
1217 2671 1259 2708 et
1291 2667 1382 2708 dies

345 2735 471 2776 Hunc
504 2749 663 2777 annum
694 2737 859 2778 totum?

380 2889 448 2923 735
473 2889 642 2932 nequisse
668 2889 804 2923 uiderit
892 2891 958 2924 739
983 2889 1238 2934 conscripsisti
1325 2891 1392 2924 744
1416 2889 1531 2924 clauoi
1590 2889 1784 2924 claearatae
