1926 3275
148 308 194 351 11,
211 309 243 350 2,
258 307 403 347 223-3,
421 306 461 338 12
786 305 1018 348 Amphitruo.
1600 309 1650 346 55

758 430 816 471 Al
829 444 851 471 c
861 445 890 471 u
899 445 940 470 m
952 444 972 471 e
982 444 1010 471 n
1022 444 1048 470 a

151 504 196 547 Si
228 503 401 557 deliqui,
433 501 554 544 nulla
585 506 769 543 causast.

742 573 779 614 A
789 588 831 614 m
840 588 867 627 p
877 573 905 614 h
915 574 928 614 i
939 578 957 614 t
966 588 987 614 r
997 588 1025 614 u
1036 587 1059 615 o

782 644 1008 707 Conuenit.
1056 645 1131 696 Tu,
1167 644 1301 695 Sosia,

149 720 243 761 Duc
266 719 345 763 hos
368 719 505 769 intr03
532 731 609 770 ego
633 715 718 758 huc
743 717 797 758 ab
823 717 926 757 naui
950 730 1118 758 mecum
1142 716 1356 757 adducam
1372 716 1649 758 Naucratem.

825 788 976 829 Sosia

148 862 274 904 Nunc
306 861 481 916 quidem
512 865 686 915 praeter
718 874 794 901 nos
825 864 1012 911 nemost;
1046 860 1114 901 dic
1145 859 1249 900 mihi
1279 875 1429 901 uerum
1462 860 1587 911 serio,

150 935 311 989 Ecquis
343 934 453 975 alius
486 933 610 975 Sosia
639 934 788 983 intust,
822 933 894 984 qui
924 932 1008 972 mei
1040 931 1190 972 similis
1223 932 1335 973 siet?

760 1003 1045 1044 Alcumena

151 1078 263 1120 Abin
292 1077 393 1119 hinc
425 1091 450 1119 a
480 1090 560 1128 me,
593 1076 745 1128 dignus
779 1075 950 1116 domino
985 1076 1163 1116 seruos?

827 1147 978 1188 Sosia

1175 1217 1307 1268 Abeo,
1342 1217 1377 1258 si
1407 1217 1542 1258 iubes.
1586 1222 1653 1255 850

760 1289 1048 1331 Alcumena

150 1365 287 1408 Nimis
319 1368 492 1406 ecastor
521 1362 689 1404 facinus
721 1363 932 1412 mirumst,
965 1362 1038 1415 qui
1069 1361 1131 1402 illi
1164 1361 1425 1402 conlubitum
1457 1360 1539 1401 siet

151 1437 247 1478 Meo
279 1437 387 1486 uiro,
421 1436 483 1477 sic
515 1449 582 1477 me
614 1434 862 1476 insimulare
895 1432 1005 1474 falso
1036 1432 1202 1474 facinus
1234 1437 1323 1473 tam
1353 1432 1529 1473 malum.

153 1508 370 1562 Quidquid
402 1512 479 1559 est,
512 1508 598 1548 iam
630 1520 682 1547 ex
708 1506 930 1547 Naucrate
963 1511 1148 1557 cognato
1180 1504 1223 1545 id
1255 1517 1511 1556 cognoscam
1542 1517 1649 1545 meo.

764 1760 1042 1803 IUPPITER.

210 1868 302 1921 Ego
335 1881 429 1908 sum
459 1866 531 1907 ille
564 1865 836 1919 Amphitruo.
871 1864 971 1916 quoi
1005 1867 1068 1904 est
1100 1876 1246 1903 seruos
1279 1862 1413 1912 Sosia,

211 1939 330 1980 Idem
362 1938 600 1979 Mercurius
632 1938 706 1990 qui
736 1937 784 1977 fit
816 1935 988 1988 quando
1022 1934 1347 1984 commodumst,
1586 1932 1654 1966 855

211 2011 260 2052 In
293 2010 514 2063 superiore
548 2009 620 2062 qui
651 2008 802 2049 habito
836 2006 1056 2055 cenaculo,

212 2082 294 2132 Qui
325 2080 543 2122 interdum
573 2079 628 2120 fio
656 2079 864 2132 Iuppiter,
897 2078 1069 2132 quando
1101 2077 1233 2118 lubet.

211 2154 308 2195 Huc
340 2158 485 2194 autem
517 2166 647 2205 quom
678 2151 893 2204 extemplo
927 2150 1161 2190 aduentum
1195 2149 1390 2202 adporto,
1422 2145 1523 2186 ilico

210 2224 468 2278 Amphitruo
500 2223 555 2264 fio
588 2228 632 2264 et
662 2223 869 2264 uestitum
900 2222 1066 2262 inlnuto
1098 2234 1252 2261 meum.

210 2297 335 2338 Nunc
366 2296 450 2336 huc
481 2295 657 2335 honoris
688 2294 824 2335 uostri
856 2294 983 2335 uenio
1017 2293 1168 2345 gratia,
1588 2287 1655 2320 860

211 2368 274 2410 Ne
306 2367 419 2408 hanc
451 2366 699 2407 incohatam
729 2366 966 2419 transigam
999 2363 1278 2405 comoediam.

214 2439 348 2481 Simul
381 2438 654 2488 Alcumenae,
686 2452 814 2491 quam
846 2438 913 2478 uir
944 2437 1157 2477 insontem
1189 2434 1337 2488 probri

212 2511 471 2564 Amphitruo
505 2514 696 2560 accusat,
728 2510 828 2550 ueni
859 2513 907 2550 ut
939 2507 1146 2549 auxilium
1177 2506 1335 2555 feram3

212 2583 323 2624 Nam
355 2568 539 2622 mea'sit
572 2581 712 2634 culpa,
745 2581 859 2633 quod
892 2583 1064 2633 egomet
1097 2576 1399 2625 contraxerim,

215 2653 258 2695 Si
288 2653 332 2694 id
362 2654 625 2694 Alcumenae
656 2653 878 2693 innocenti
909 2653 1097 2704 expetat.
1589 2643 1654 2677 865

249 2824 315 2857 847
341 2822 521 2857 abducam
614 2822 681 2855 849
706 2822 796 2856 meis
890 2821 953 2855 851
983 2819 1161 2853 conlitum
1255 2817 1321 2850 858
1347 2825 1419 2858 quo
1512 2814 1575 2847 861
1604 2811 1654 2845 in-

159 2883 304 2913 coatam
397 2880 463 2912 863
489 2877 666 2911 auxillum
