1926 3275
251 325 332 363 418
910 320 1091 355 Asinaria.

250 450 362 489 codd.
388 453 479 501 post
504 464 540 488 v.
567 451 646 487 753
674 449 833 498 legitur.
880 449 1021 488 Priora
1052 450 1238 499 quoniam
1261 461 1340 486 non
1365 448 1519 487 addidit
1547 448 1748 497 librarius,

249 519 419 556 editores
460 518 507 555 de
545 531 614 556 suo
655 518 950 567 suppleverunt.
989 537 1046 543 —
1084 518 1178 555 732.
1211 513 1345 564 Haec,
1379 530 1564 555 crumena
1594 518 1750 567 argenti

247 588 375 636 plena.
407 607 464 611 —
492 582 616 634 facile
645 581 791 633 faciet,·
828 585 902 623 hoc
941 585 1080 623 ordine
1110 585 1192 623 haec
1222 585 1344 623 verba
1380 588 1584 636 ponuntur
1622 586 1749 623 altero

246 656 333 692 loco
368 653 474 704 (post
505 651 617 701 753),
652 653 981 691 oommodioribus
1012 667 1105 691 sane
1136 655 1323 691 numeris.
1349 674 1403 679 —
1427 654 1520 692 733.
1554 649 1748 692 Leonida

246 723 426 760 ultimam
450 722 645 772 producit.
686 721 798 768 Quod
822 735 870 759 ne
893 720 976 769 fiat,
1001 721 1148 759 Muller
1170 721 1326 769 „Curre,
1346 721 1521 769 obsecro,
1540 719 1742 760 Leonida“

246 791 406 828 mavult.
438 811 495 815 —
525 786 602 828 huc
633 791 726 827 olim
759 789 1019 827 emendatum.
1051 810 1106 815 —-
1138 790 1231 828 734.
1263 786 1521 840 Anyiporto,
1558 789 1604 827 cf.
1637 789 1749 827 Pers.

249 860 347 896 445:
386 858 484 906 „Abi
515 859 611 895 istac
645 859 798 896 auorsis
831 858 1052 908 angiportis
1084 858 1134 895 ad
1158 856 1326 896 forum“.
1352 878 1409 883 —
1434 859 1527 895 735.
1562 854 1750 896 circumit

247 927 357 964 codd.
377 930 578 964 contracta
594 926 758 976 perfecti
774 926 918 973 forma3
944 939 1035 963 nam
1057 926 1207 975 antiqui
1224 929 1270 963 ut
1285 927 1326 963 in
1347 923 1494 974 „iisti“,
1518 924 1673 973 „iisse“,
1691 927 1749 963 ita

246 996 354 1032 itiam
386 995 427 1032 in
456 992 565 1042 „iit“,
605 992 784 1042 ‚,iimus“,
817 995 972 1032 vocales
997 1007 1099 1044 saepe
1123 994 1419 1044 pronuntiando
1444 993 1747 1042 coniungebant.

245 1063 438 1113 Exempla
469 1067 509 1100 et
540 1076 586 1100 ex
617 1062 878 1112 scriptoribus
904 1066 943 1100 et
966 1076 1012 1100 ex
1034 1063 1162 1100 titulis
1187 1065 1343 1112 sumpta
1367 1061 1544 1099 exhibuit
1568 1061 1748 1109 Corssen⁷

245 1131 493 1181 Aussprache
533 1131 568 1168 d.
609 1130 697 1169 Lat.
730 1131 787 1179 II,
829 1145 866 1182 p.
904 1132 1002 1178 164,
1050 1131 1233 1168 Plautina
1277 1130 1525 1177 Fleckeisen,
1572 1129 1746 1168 Exercit.

245 1199 375 1237 Plaut.
407 1213 445 1249 p.
483 1201 553 1246 39,
596 1212 833 1249 quamquam
872 1199 974 1236 idem
1014 1202 1155 1249 postea
1192 1201 1233 1236 in
1272 1198 1424 1236 edendo
1455 1198 1600 1236 Plauto
1640 1198 1749 1236 aliud

245 1270 400 1305 secutus
439 1271 515 1314 est,
555 1267 665 1304 velut
702 1267 738 1304 h.
770 1267 795 1304 l.
842 1265 1051 1314 „transiit“
1096 1267 1274 1317 scripsit,
1314 1266 1431 1303 nimis
1470 1266 1654 1314 licenter;
1697 1266 1746 1303 cf.

244 1335 398 1383 Proleg.
438 1349 476 1386 p.
511 1337 603 1372 212.
665 1334 864 1384 Exemplis
911 1335 965 1372 ibi
1008 1335 1139 1372 allatis
1180 1334 1377 1372 addantur
1408 1334 1496 1372 Ter.
1529 1333 1631 1372 Eun.
1667 1335 1744 1371 539

250 1402 460 1450 „coimus“,
503 1405 582 1441 892
620 1404 875 1450 „arcessitum
905 1401 976 1440 it“.
1038 1403 1112 1441 Ad.
1147 1404 1247 1440 782:
1295 1400 1455 1450 „Abit“.
1488 1423 1543 1427 —-
1573 1412 1624 1440 ‘ne
1655 1399 1749 1452 quis

245 1482 288 1507 se
327 1469 486 1510 uideret
523 1471 617 1509 olim
656 1471 918 1509 emendatum.
960 1492 1013 1496 —
1054 1472 1147 1509 736.
1186 1472 1220 1507 A
1251 1484 1334 1508 voc.
1370 1467 1438 1509 Ne
1476 1470 1563 1508 edd.
1604 1470 1747 1507 Libani

245 1540 460 1577 orationem
501 1540 715 1589 incipiunt,
749 1539 860 1577 codd.
895 1539 1083 1577 Leonidae
1123 1540 1366 1577 continuant.
1407 1559 1463 1564 —
1502 1540 1595 1577 738.
1629 1534 1747 1577 Bene

245 1604 384 1655 dieite,
417 1610 442 1645 i.
476 1621 506 1645 e.
540 1608 644 1644 bona
674 1608 808 1655 verba,
843 1621 994 1657 quaeso,
1027 1608 1174 1644 malum
1208 1621 1321 1645 omen
1354 1607 1602 1658 deprecatur,
1635 1607 1746 1645 ideo-

245 1689 318 1724 que
342 1677 536 1726 inceptam
563 1677 801 1713 sententiam
826 1677 1101 1725 interrumpit3
1136 1676 1182 1714 cf.
1208 1676 1296 1713 Aul.
1318 1677 1418 1714 778:
1458 1675 1590 1723 „Bono
1617 1675 1745 1712 animo

245 1757 302 1790 es,
335 1744 433 1781 bene
466 1742 590 1781 dice“.
654 1744 782 1781 Casin.
819 1745 917 1782 323:
964 1744 1091 1791 „Quid
1129 1745 1161 1781 si
1194 1744 1276 1782 fors
1308 1744 1440 1791 aliter,
1475 1757 1592 1793 quam
1623 1743 1745 1790 uoles,

245 1812 430 1849 euenerit.
492 1812 562 1850 ST.
609 1812 713 1849 Bene
751 1811 876 1849 dice&
939 1812 1054 1850 Both.
1095 1815 1135 1848 et
1165 1812 1294 1849 Weise
1340 1809 1636 1859 „benedicito“;
1678 1812 1746 1848 vix

245 1893 360 1929 0pus3
393 1893 481 1916 nam
515 1880 620 1929 quod
652 1894 752 1917 unus
785 1880 896 1927 dixit,
930 1883 1100 1929 uterque
1133 1880 1261 1917 dicere
1292 1882 1491 1930 potuerat.

361 2085 452 2121 739.
486 2083 660 2121 Advenit
683 2084 870 2121 Diabolus
899 2084 1127 2121 adulescens
1160 2097 1245 2121 cum
1276 2084 1461 2133 parasito,
1496 2084 1562 2133 qui
1593 2095 1665 2133 pro
1697 2096 1745 2120 eo

243 2151 349 2199 leges
368 2153 598 2200 composuit,
619 2152 758 2201 quibus
775 2166 914 2202 parere
933 2152 1074 2190 debeat
1089 2152 1276 2189 meretrix
1300 2152 1339 2188 in
1365 2165 1509 2189 annum
1535 2150 1741 2188 conducta.

243 2240 299 2243 —
325 2230 443 2268 quem
466 2217 747 2270 sywffl·(1plcmn
773 2222 888 2257 etiam
906 2220 1058 2258 Nonius
1083 2233 1119 2270 p.
1147 2221 1239 2266 225,
1265 2219 1345 2257 vid.
1372 2233 1492 2270 supra
1517 2218 1568 2256 ad
1589 2232 1625 2256 V.
1647 2219 1740 2256 236.

243 2309 298 2313 ——
344 2285 590 2336 ΡΟἨεθνίΡὸῪῖ
634 2301 769 2325 versus
816 2302 930 2325 causa
975 2288 1336 2338 pronuntiandum,
1381 2288 1426 2325 cf.
1467 2301 1505 2337 p.
1548 2287 1640 2324 211.
1686 2306 1744 2312 —

246 2357 337 2392 741.
362 2357 502 2405 poeta,
536 2357 690 2393 artifex.
722 2377 778 2380 —
808 2353 968 2404 unicus,
1001 2356 1222 2406 singularis,
1257 2356 1448 2406 egregius.
1496 2354 1615 2393 Gron.
1643 2355 1741 2391 conf.

243 2424 377 2461 Afran.
396 2424 676 2461 Brundusinae:
711 2425 827 2472 „Quis
852 2428 930 2461 tam
958 2425 1086 2474 sagaci
1111 2424 1228 2462 corde
1253 2428 1371 2474 atque
1394 2424 1551 2471 ingenio
1568 2420 1736 2460 unico‘?“

245 2492 328 2529 Liv.
361 2491 453 2538 VII,
491 2494 530 2539 1,
566 2494 601 2529 9.
662 2493 760 2530 Vell.
794 2492 852 2539 II,
888 2495 932 2539 7,
967 2494 1003 2529 2.
1050 2513 1106 2517 ·—
1153 2494 1245 2529 743.
1294 2488 1502 2541 trcmsleyo
1546 2491 1619 2528 hoc
1663 2502 1742 2527 uno

244 2559 328 2596 loco
371 2562 489 2596 extat.
524 2580 575 2584 —
610 2562 701 2597 745.
735 2561 828 2598 Voc.
863 2558 968 2599 dono
999 2560 1114 2598 Both.
1157 2564 1195 2597 et
1224 2560 1283 2597 Fl.
1326 2560 1524 2606 delerunt,
1567 2572 1611 2596 ac
1648 2571 1741 2595 sane

244 2627 405 2676 proprie
437 2640 517 2663 rem
549 2629 760 2665 {estimanti
791 2642 870 2666 non
902 2628 1060 2675 donum,
1087 2628 1155 2666 sed
1179 2629 1352 2678 pretium
1378 2632 1447 2665 aut
1469 2639 1618 2663 merces
1642 2629 1738 2672 erat,

245 2694 314 2730 scd
344 2696 472 2743 turpis
505 2698 544 2731 et
574 2696 765 2733 ridiculus
797 2696 1024 2733 adulescens
1056 2696 1123 2733 illo
1155 2697 1311 2734 nomine
1344 2695 1545 2746 appellare
1575 2694 1739 2742 mavult.

244 2761 390 2798 Muller
422 2763 701 2800 animadvertit
731 2765 858 2800 lenam
886 2777 1042 2813 quoque
1069 2765 1251 2801 similiter
1274 2765 1447 2802 locutam
1473 2775 1556 2800 esse
1581 2775 1616 2799 v.
1647 2762 1738 2798 193.

244 2848 296 2854 ——
326 2830 418 2866 748.
451 2829 545 2866 Post
570 2827 747 2869 Addone
777 2831 920 2868 hiatus.
968 2832 1115 2869 Miiller
1148 2829 1192 2869 id
1222 2832 1312 2869 addi
1345 2831 1515 2869 volebat.
1539 2851 1595 2855 —
1616 2826 1740 2868 Adde

244 2898 319 2934 ium
357 2898 396 2933 in
428 2897 458 2933 B
497 2898 755 2935 emendatum.
787 2919 843 2923 —-
871 2895 1017 2947 plane,
1059 2899 1250 2947 dilucide3
1282 2896 1432 2949 probe,
1473 2899 1644 2936 fortiter.
1685 2916 1740 2922 -—
