1926 3275
744 336 1024 381 Prolegomena.
1560 340 1579 378 1
1588 340 1639 379 59

132 477 297 516 seruus,
329 478 439 516 cum,
473 463 610 513 cuius,
642 464 871 514 maximus,
903 468 1044 515 postea
1073 478 1154 502 non
1184 477 1275 502 raro
1306 464 1446 510 αονΐο,
1478 475 1637 511 seruos,

134 546 269 586 quom,
295 533 456 585 quoius,
481 544 715 582 maxumus,
740 535 883 571 similia
905 534 1152 580 scribuntur3
1179 533 1244 571 est
1263 533 1500 583 plerumque
1523 534 1640 584 plene

133 604 339 651 scribitur,
372 604 501 641 rarius
531 599 712 650 homost,
746 602 888 652 opust,
919 602 1077 650 ratast,
1111 601 1273 658 similia,
1314 611 1357 639 es
1394 615 1518 652 prope
1550 615 1640 639 con-

132 675 304 720 stanter3
345 668 451 709 mihi
489 674 528 709 et
563 667 675 709 nihil
710 671 825 718 item3
867 684 957 708 nam
994 670 1063 707 ubi
1099 659 1139 710 ih
1178 670 1383 717 scribitur,
1429 670 1640 708 brevitatis

131 740 208 779 hoc
239 754 356 778 causa
385 738 450 787 fit,
490 752 569 776 non
609 739 703 788 quia
739 752 858 776 unam
896 738 1089 787 syllabam
1121 740 1279 779 efficiat.
1339 739 1418 776 Pro
1450 738 1587 776 Graeco
1618 754 1640 775 υ

133 812 203 846 aut
237 822 264 858 y
303 811 372 846 aut
409 808 422 844 i
459 808 643 858 ponitur,
685 819 847 856 perraro
878 820 924 854 u,
964 809 1144 856 quamvis
1181 808 1265 845 haec
1304 807 1506 856 antiquior
1536 807 1639 844 ratio

131 877 255 914 fuisse
284 875 488 923 videatur,
529 888 693 924 eamque
729 888 800 912 nos
839 889 929 912 cum
967 877 1110 914 ceteris
1150 875 1373 914 editoribus
1403 876 1446 913 in
1475 875 1640 925 Amphi-

130 945 285 983 truonis
323 944 481 982 nomine
525 946 692 994 propter
730 946 1003 993 argumentum
1041 944 1277 982 acrostichis
1314 944 1506 994 scriptum
1544 945 1640 981 reti-

131 1012 302 1050 nendam
328 1012 523 1049 duximus.
572 1012 619 1049 In
650 1025 681 1049 ae
712 1014 753 1048 et
784 1025 804 1048 e
836 1011 1053 1050 scribendis
1085 1026 1237 1049 summa
1266 1012 1535 1049 inconstantia
1567 1015 1638 1059 est,

131 1084 177 1119 ut
207 1083 247 1117 et
277 1093 297 1117 e
327 1093 401 1130 pro
433 1079 683 1130 diphthongo
712 1079 940 1116 inveniatur
971 1083 1011 1117 et
1041 1093 1073 1118 ae
1103 1094 1178 1130 pro
1209 1079 1379 1128 simplici
1404 1079 1542 1126 vocali,
1569 1093 1641 1116 nec

131 1150 173 1187 in
204 1148 484 1186 assimilatione
514 1148 842 1198 praepositionum
876 1148 1005 1185 maior
1035 1149 1259 1186 constantia
1290 1150 1363 1184 est.
1395 1167 1452 1172 —
1481 1146 1641 1184 Editori

131 1217 351 1256 severiores
382 1216 491 1264 leges
521 1217 793 1265 imponuntur.
845 1215 986 1265 Itaque
1022 1229 1091 1253 nos
1123 1229 1245 1265 quum
1275 1215 1317 1251 in
1349 1215 1492 1252 ceteris
1521 1214 1641 1251 rebus

128 1277 235 1323 >hunc
266 1284 444 1323 codicem
473 1285 530 1321 ita
561 1283 805 1333 sequendum
837 1283 1075 1330 duxerimus,
1108 1287 1154 1321 ut
1185 1282 1381 1332 quidquid
1411 1282 1459 1319 ab
1492 1295 1537 1319 eo
1564 1282 1640 1319 dis·

131 1355 313 1404 creparet
335 1355 475 1389 nostra
499 1352 707 1402 scriptura,
733 1352 775 1388 in
790 1352 968 1400 margine
987 1352 1277 1398 adnotaremus,
1295 1352 1337 1388 in
1353 1349 1641 1400 orthographia

132 1422 323 1460 maiorem
360 1420 591 1457 constantiae
629 1419 825 1456 rationem
855 1418 1078 1457 habuimus.
1141 1418 1227 1465 Qua
1258 1418 1306 1456 de
1336 1432 1380 1456 re
1412 1431 1533 1468 quum
1563 1419 1640 1454 iam

131 1489 270 1536 semel,
311 1489 353 1525 in
389 1488 625 1537 praefatione
656 1487 914 1536 Captivorum
954 1501 988 1524 a.
1024 1487 1131 1524 1869
1172 1486 1299 1533 edita,
1340 1486 1638 1535 disputaverim,

130 1557 195 1594 hic
231 1557 407 1594 breviter
446 1555 648 1592 declarare
686 1554 856 1591 sufficiat
897 1568 982 1592 eam
1020 1568 1082 1592 me
1122 1555 1309 1604 amplecti
1347 1553 1547 1590 scribendi
1577 1566 1639 1589 ra-

130 1625 302 1671 tionem,
336 1637 414 1673 qua
443 1624 571 1673 primo
600 1636 640 1673 p.
673 1622 762 1660 Chr.
795 1637 832 1660 n.
866 1622 1008 1660 saeculo
1038 1621 1267 1668 utebantur,
1299 1621 1435 1670 paucis
1471 1621 1639 1658 retentis

133 1692 368 1741 antiquioris
398 1692 518 1728 moris
547 1691 738 1739 vestigiis.
799 1690 940 1740 Itaque
973 1703 1051 1727 non
1082 1691 1209 1727 solum
1241 1699 1364 1738 quom
1394 1688 1537 1735 scribo,
1570 1687 1641 1724 sed

132 1761 255 1798 etiam
287 1756 456 1808 quoius,
491 1756 609 1808 quoi,
636 1758 769 1805 morto,
801 1767 959 1805 seruos,
991 1767 1224 1805 maxumus,
1257 1771 1328 1794 nec
1359 1757 1400 1793 in
1432 1756 1493 1792 his
1523 1755 1640 1792 rebus

132 1828 278 1865 codicis
310 1827 617 1876 discrepantiam
649 1826 830 1872 enotavi;
869 1826 911 1862 in
949 1826 1029 1872 est,
1070 1825 1140 1862 ubi
1173 1839 1260 1862 cum
1291 1824 1532 1875 praecedenti
1563 1823 1640 1872 syl·

130 1895 224 1933 laba
253 1895 519 1944 coniungitur,
543 1894 719 1932 vocalem
744 1894 905 1940 omitto,
937 1893 1118 1931 secundae
1142 1906 1332 1943 personae,
1366 1902 1421 1939 65⁸,
1455 1892 1640 1941 quoniam

131 1964 261 2001 minus
299 1965 408 2000 certa
445 1963 549 1999 ratio
578 1962 810 2009 videbatur,
843 1961 1100 1999 antecedente
1138 1962 1264 1998 altera
1300 1960 1430 1998 vocali
1467 1959 1641 1996 vocalem

131 2031 290 2081 reliqui,
323 2030 583 2068 antecedente
615 2043 632 2067 s
662 2030 807 2076 littera,
841 2029 1091 2079 apostrophae
1117 2029 1272 2078 signum
1295 2028 1425 2078 posui,
1471 2027 1506 2063 Y
1536 2031 1575 2063 et
1606 2040 1638 2074 z,

133 2099 181 2136 ch
211 2102 252 2136 et
281 2098 337 2149 ph
366 2099 408 2135 in
439 2098 585 2136 Graecis
625 2097 790 2135 vocibus
829 2097 997 2144 retinui,
1031 2110 1076 2134 ae
1108 2100 1148 2134 et
1182 2110 1202 2133 e
1233 2097 1315 2133 suis
1348 2107 1514 2145 quaeque
1545 2095 1640 2131 locis

131 2167 268 2216 posui,
300 2179 349 2203 ne
379 2167 420 2203 in
454 2166 516 2202 his
555 2165 714 2215 quidem
751 2164 951 2215 adscripta
990 2165 1067 2201 nisi
1104 2177 1269 2215 perraro
1311 2163 1455 2200 codicis
1495 2162 1640 2199 discre-

132 2235 281 2284 pantia.
341 2230 458 2271 Mihi
489 2236 528 2270 et
556 2229 666 2270 'nihil
695 2233 810 2282 plene
841 2232 982 2282 scripsi
1011 2232 1172 2269 lectoris
1205 2231 1368 2269 arbitrio
1400 2230 1638 2279 relinquens,

131 2305 265 2339 utrum
281 2315 360 2338 una
376 2314 426 2338 an
443 2300 595 2337 duabus
619 2300 779 2348 syllabis
803 2300 1014 2348 legendum
1037 2302 1162 2348 putet,
1187 2299 1229 2336 id
1253 2298 1361 2348 quod
1384 2311 1463 2335 non
1487 2311 1642 2347 semper

132 2382 206 2419 pro
239 2371 347 2406 certo
378 2368 589 2405 diiudicari
619 2370 762 2417 potest,
797 2368 983 2416 quoniam
1013 2379 1092 2403 non
1124 2379 1216 2404 raro
1248 2369 1460 2414 utrumque
1490 2365 1638 2402 licebit.

131 2436 179 2474 In
224 2436 504 2473 assimilatione
549 2435 876 2484 praepositionum
921 2434 963 2470 id
1009 2436 1237 2471 constanter
1281 2434 1413 2479 tenui,
1459 2435 1504 2469 ut
1549 2435 1640 2469 ante

135 2504 253 2542 duras
291 2506 552 2541 consonantes
592 2516 672 2539 non
703 2501 772 2549 ob,
805 2501 874 2538 sed
905 2514 956 2550 op
994 2514 1205 2551 ponerem,
1238 2504 1327 2538 ante
1359 2513 1376 2537 s
1408 2500 1583 2537 litteram
1614 2500 1638 2537 b

132 2571 301 2618 retinui,
332 2571 373 2608 in
403 2571 543 2607 ceteris
573 2570 777 2619 plerisque
815 2571 1098 2606 consonantem
1129 2581 1209 2605 non
1239 2568 1473 2614 assimilavi,
1504 2580 1639 2616 quam-

134 2652 252 2688 quam
294 2638 358 2675 hic
403 2637 561 2687 quidem
613 2650 774 2683 vereor,
821 2650 869 2673 ne
914 2648 993 2673 non
1039 2649 1194 2684 semper
1237 2635 1335 2672 mihi
1381 2636 1637 2672 constiterim.

134 2706 287 2744 Codicis
325 2705 627 2742 inconstantiam
664 2704 809 2741 retinui
849 2705 890 2741 in
921 2701 978 2741 iis
1009 2706 1048 2740 et
1081 2700 1118 2740 ῖς
1147 2703 1386 2749 scribendis,
1419 2705 1465 2740 ut
1497 2705 1536 2739 et
1567 2702 1639 2739 hoc

133 2786 207 2823 pro
238 2773 371 2810 dativo
405 2776 473 2810 aut
503 2772 676 2809 ablativo
709 2775 909 2809 contracto
940 2771 1110 2808 inveniri
1140 2771 1278 2820 possit,
1312 2774 1351 2807 et
1380 2770 1482 2807 illud
1513 2773 1639 2806 metro

134 2841 294 2878 iubente
333 2840 514 2878 contrahi
553 2839 712 2886 debeat;
752 2836 790 2877 ei
828 2842 960 2876 autem
998 2851 1071 2888 pro
1110 2835 1127 2875 i
1167 2835 1294 2885 (verbi
1333 2835 1491 2884 eundi),
1531 2836 1639 2885 quod

135 2907 336 2945 interdum
374 2908 592 2954 invenitur,
632 2920 669 2944 v.
709 2906 760 2944 ad
790 2907 900 2944 Asin.
942 2907 1045 2953 482,
1091 2919 1140 2942 ne
1185 2905 1419 2942 fallerentur
1455 2905 1636 2949 lectores,
