1926 3275
237 361 256 398 1
263 361 286 399 9
293 360 316 399 6
847 349 1125 393 Prolegomena.

234 484 377 536 Amph.
411 484 505 531 226,
542 479 686 530 „uxor“
721 480 833 517 Asin.
868 479 961 525 918,
999 474 1201 524 „ecastor“
1238 475 1327 513 Cas.
1361 476 1462 522 915,
1496 478 1534 512 et
1563 476 1605 512 in
1636 487 1740 513 com-

234 553 437 605 parativis,
469 554 515 589 ut
549 546 753 600 „longior“
788 546 932 597 Amph.
968 546 1061 592 544,
1094 544 1174 582 vid.
1205 544 1320 581 Mun.
1352 558 1392 595 p.
1426 544 1618 599 4278011.ν

349 619 658 658 Terminationis
689 628 741 655 ur
769 614 976 665 produetae
1007 626 1084 651 non
1114 626 1278 663 prorsus
1310 615 1418 650 certa
1449 612 1629 662 exempla
1652 614 1744 649 sunt

242 687 411 738 „igitur“
447 687 590 737 Amph.
624 686 718 732 712,
755 680 988 731 „adficitur“
1025 681 1136 719 Cure.
1168 681 1260 718 142.

351 755 602 805 Syllabarum
640 753 682 789 in
715 752 732 790 t
761 750 988 788 exeuntium
1026 749 1071 787 at
1107 748 1214 798 apud
1243 748 1429 786 Plautum
1468 748 1630 797 longum
1670 750 1742 795 est,

237 827 281 862 ut
323 821 456 871 „araff‘
497 822 564 860 As.
600 822 700 867 865,
748 816 928 866 „aiebat“
970 817 1073 855 Rud.
1111 817 1238 864 1130,
1286 831 1328 854 ae
1369 816 1538 854 fortasse
1587 813 1739 864 „amat“

237 892 304 929 As.
339 892 432 938 889,
471 887 615 937 „seiat“
650 889 703 925 ib.
737 888 832 925 737.

354 959 395 996 et
421 959 463 995 in
484 957 674 1008 praesenti
698 955 938 993 coniunctivi
961 955 1099 1005 primae
1133 954 1234 992 coni.
1261 957 1301 991 et
1324 952 1533 990 indicativi
1564 951 1745 990 secundae

240 1031 279 1065 et
307 1028 348 1063 in
378 1026 513 1063 futuro
539 1025 672 1063 tertiae
698 1023 999 1073 coniugationis,
1026 1026 1072 1060 ut
1099 1019 1251 1070 „amet“
1278 1021 1402 1059 Merc.
1425 1021 1544 1068 1012,
1577 1017 1741 1068 „habet“

239 1095 381 1145 Amph.
417 1095 509 1141 646,
547 1090 779 1144 „perlubet“
815 1091 929 1140 Capt.
964 1092 1058 1138 825,
1096 1087 1312 1139 „accipiet“
1347 1089 1435 1126 Mil.
1472 1089 1593 1126 1055.

354 1160 392 1201 it
418 1163 459 1199 in
489 1161 677 1211 perfectis
714 1160 924 1197 indicativi
956 1172 1060 1209 saepe
1090 1157 1259 1209 produci
1291 1171 1412 1208 quum
1440 1158 1591 1207 primus
1623 1156 1747 1193 anim-

243 1230 480 1268 advertisset
508 1229 752 1274 Fleckeisen,
786 1228 931 1265 Annal.
956 1226 1060 1274 LXI,
1094 1239 1132 1276 p.
1167 1227 1218 1264 20
1252 1239 1352 1275 sqq.,
1384 1228 1527 1276 postea
1556 1224 1624 1262 alii
1653 1223 1748 1261 ube-

242 1300 324 1336 rius
364 1298 602 1344 docuerunt,
641 1299 686 1333 ut
718 1295 886 1334 Corssen
919 1298 959 1332 et
989 1294 1162 1342 Ritsch.,
1197 1294 1340 1344 Opuse.
1372 1293 1428 1340 II,
1461 1306 1499 1343 p.
1535 1293 1612 1331 641
1647 1305 1746 1342 sqq.‚

244 1366 380 1404 adlato
419 1367 536 1403 etiam
576 1365 785 1402 titulorum
825 1363 1079 1413 antiquorum
1116 1362 1366 1408 testimonio,
1406 1362 1447 1398 in
1486 1360 1629 1410 quibus
1670 1373 1750 1397 non

244 1447 333 1471 raro
359 1434 440 1471 haec
462 1433 591 1471 forma
615 1431 673 1471 eit
694 1431 891 1470 scribitur.
923 1431 1058 1468 Etiam
1077 1431 1358 1481 palimpsestus
1374 1428 1510 1467 Plauti
1524 1428 1647 1466 Merc.
1669 1428 1746 1465 521

249 1499 457 1549 „redieit“.
503 1501 594 1538 Alia
615 1501 801 1538 Plautina
833 1500 1013 1550 exempla
1042 1499 1125 1537 haec
1156 1501 1266 1536 sunt:
1305 1495 1448 1544 „vicit“
1484 1496 1627 1546 Amph.
1655 1496 1749 1542 637,

250 1567 474 1616 „vendidiff
527 1568 637 1619 Capt.
680 1570 726 1615 9,
778 1566 943 1615 „rediit“
984 1567 1108 1605 Merc.
1151 1567 1254 1614 696,
1306 1563 1485 1614 „astitiff‘
1526 1564 1613 1602 Mil.
1655 1564 1749 1610 215,

251 1635 396 1684 „vixit“
431 1637 574 1674 Pseud.
610 1637 703 1683 311,
741 1634 863 1682 „fuit“
899 1636 1011 1674 Cure.
1046 1636 1140 1682 641,
1174 1635 1263 1672 alia.

359 1704 539 1742 Eandem
576 1705 895 1742 terminationem
933 1705 1054 1741 etiam
1098 1704 1139 1740 in
1184 1702 1321 1740 formis
1367 1701 1492 1739 futuri
1538 1701 1666 1738 exacti
1711 1702 1751 1737 et

245 1774 486 1811 coniunctivi
538 1772 772 1822 productam
825 1772 1024 1819 invenias,
1079 1774 1125 1808 ut
1175 1767 1434 1817 „adduxerit“
1483 1768 1606 1806 Mero.
1655 1768 1750 1814 912,

251 1839 426 1887 „aderit“
468 1840 577 1877 Pers.
612 1841 712 1887 653,
758 1838 857 1887 „sit“
900 1840 1012 1877 Asin.
1047 1841 1147 1886 755,
1193 1836 1337 1885 „velit“
1380 1837 1485 1874 Men.
1521 1838 1592 1884 52,
1633 1839 1674 1873 et
1710 1836 1753 1872 in

245 1909 431 1959 praesenti
460 1909 542 1946 ind.
576 1912 729 1958 quartae
760 1908 874 1956 coni.,
906 1911 951 1945 ut
986 1905 1066 1954 „it“
1102 1907 1214 1945 Cure.
1248 1907 1343 1943 488.
1376 1905 1482 1943 Poen.
1517 1905 1611 1942 687.
1656 1900 1748 1951 „fit“

249 1975 359 2026 Capt.
394 1977 459 2014 25.

363 2044 476 2090 Quod
507 2044 557 2082 ad
587 2057 702 2082 voces
734 2045 775 2081 in
805 2055 827 2082 3
858 2047 1043 2081 exeuntes
1076 2044 1237 2088 attinet,
1275 2041 1421 2078 eaedem
1452 2040 1593 2077 Plauto
1633 2041 1753 2088 atque

250 2113 391 2149 ceteris
422 2111 682 2162 scriptoribus
714 2112 861 2160 regulas
892 2111 1037 2158 valent,
1065 2111 1141 2148 nisi
1167 2109 1275 2160 quod
1298 2109 1458 2146 nomina
1481 2108 1610 2145 tertiae
1635 2105 1753 2143 decli-

248 2180 419 2216 nationis
450 2181 489 2216 in
521 2191 581 2227 63,
615 2194 784 2230 quorum
817 2192 928 2217 casus
966 2178 1115 2227 obliqui
1155 2177 1308 2226 syllaba
1345 2177 1451 2214 aucti
1482 2174 1754 2225 paenultimam

248 2247 410 2284 brevem
439 2247 599 2295 habent,
624 2248 823 2285 interdum
846 2246 1014 2297 produci
1044 2245 1242 2292 videntur,
1274 2248 1320 2282 ut
1355 2241 1513 2291 „miles“
1541 2242 1632 2280 Aul.
1660 2242 1752 2288 519,

256 2313 412 2361 ,.‹lives‘⁴
441 2315 549 2353 Asin.
571 2317 663 2362 328,
691 2319 730 2352 et
754 2315 859 2364 quod
884 2325 938 2361 es,
963 2314 1129 2351 uerbum
1160 2313 1465 2359 substantivum,
1498 2311 1580 2348 sive
1606 2309 1754 2346 indica-

250 2384 356 2419 tivus
372 2383 578 2432 praesentis
601 2383 682 2420 sive
706 2383 966 2432 imperativus
993 2385 1064 2429 est,
1089 2382 1248 2432 longum
1274 2384 1346 2427 est,
1371 2394 1408 2418 v.
1425 2379 1548 2426 Neue,
1565 2378 1755 2415 Formen-

251 2450 359 2487 lehre
389 2451 438 2497 ΙΙ,
471 2464 509 2501 p.
543 2451 638 2497 462,
670 2450 816 2487 Muller
845 2464 883 2500 p.
920 2451 984 2488 50.
1045 2449 1377 2487 Lueulentissime
1406 2447 1482 2484 hoe
1514 2448 1679 2496 apparet
1709 2458 1757 2481 ex

252 2518 301 2553 iis
338 2518 453 2565 loeis,
486 2519 555 2555 ubi
587 2518 784 2555 antecedit
824 2531 900 2555 vox
939 2521 1009 2555 aut
1046 2517 1171 2554 vocali
1210 2520 1279 2553 aut
1310 2526 1331 2554 8
1361 2516 1498 2553 littera
1530 2513 1754 2551 terminata.

254 2585 328 2621 IIie
360 2586 549 2633 editores,
582 2590 626 2623 ut
657 2587 699 2623 St
733 2599 806 2635 pro
838 2585 918 2632 est,
951 2586 1008 2622 ita
1037 2595 1058 2622 S
1089 2598 1162 2635 pro
1194 2594 1237 2622 es
1268 2584 1439 2621 seribere
1477 2583 1619 2619 solent.
1679 2578 1757 2617 Sed

256 2654 438 2700 quoniam
470 2654 528 2689 ita
559 2654 776 2690 coniunctis
808 2653 1008 2690 vocabulis
1032 2653 1141 2702 prior
1164 2651 1328 2701 syllaba,
1354 2652 1386 2688 si
1409 2650 1541 2687 brevis
1566 2651 1638 2694 est,
1664 2660 1757 2697 pro-

257 2719 423 2766 ducitur,
452 2724 617 2770 apparet
639 2734 717 2757 non
739 2720 959 2769 aphteresin
976 2720 1121 2757 factam
1139 2733 1235 2766 esse,
1254 2719 1322 2756 sed
1339 2719 1473 2768 potius
1491 2715 1755 2766 synaloephen,

258 2801 334 2836 qua
364 2789 538 2836 priorem
570 2788 744 2824 vocalem
776 2788 974 2836 posterior
1003 2788 1191 2825 hauserit.
1253 2787 1393 2837 Itaque
1434 2799 1520 2823 cum
1559 2782 1758 2821 codicibus

257 2854 506 2891 scribendum
536 2854 737 2900 „dicacula
763 2853 828 2890 es“
856 2854 923 2892 As.
945 2856 1037 2892 507.
1078 2855 1257 2901 „dictura
1284 2852 1347 2891 es“
1376 2853 1465 2891 Aul.
1488 2853 1578 2890 169.
1616 2849 1760 2897 „surda

260 2921 322 2958 es‘²
360 2922 454 2960 Cist.
477 2924 569 2959 374.
607 2926 769 2968 „ornata
801 2920 862 2959 es“
898 2921 1020 2959 Most.
1043 2923 1137 2959 287.
1175 2921 1336 2968 „umbra
1368 2919 1432 2958 es“
1466 2919 1552 2957 Mil.
1580 2918 1658 2955 626
1685 2921 1757 2955 etc.
