1926 3275
812 254 854 287 V.
881 255 1024 288 72—90.
1587 256 1669 294 243

169 385 320 420 monuit
354 383 485 421 Gertz.
523 405 574 409 —
604 384 758 433 Leges
800 383 853 420 de
893 383 1079 419 ambitu
1115 386 1269 418 mature
1304 381 1409 418 latas
1441 394 1525 418 esse
1556 384 1597 418 in
1628 395 1670 418 re

169 451 329 502 publica
352 452 530 489 Romana
561 456 728 489 constat.
775 451 875 488 Nam
898 455 943 488 ut
967 451 1110 487 fabulis
1138 450 1392 486 adnumerari
1416 451 1544 499 possit
1567 450 1671 487 Livii

168 521 279 558 locus
295 521 360 567 IV,
382 522 445 566 25,
469 522 531 566 13,
556 521 660 557 idem
678 521 850 570 scriptor
867 519 951 566 VII,
975 521 1036 565 15,
1059 520 1107 556 12
1127 532 1161 555 a.
1181 531 1215 555 a.
1235 517 1324 555 Chr.
1342 531 1379 554 n.
1400 519 1479 554 358
1503 518 1575 564 „de
1593 531 1671 554 am-

168 587 279 626 bitu“
316 590 446 638 inquit
482 592 586 634 „tum
615 590 787 638 primum
813 588 862 624 ad
885 588 1078 638 populum
1103 587 1229 624 latum
1254 584 1353 623 est“.
1399 585 1484 632 XL,
1515 587 1577 632 19,
1609 588 1670 633 11,

169 671 203 694 a.
233 658 331 694 181:
370 657 520 706 „legem
553 657 598 693 de
631 656 781 694 ambitu
812 656 991 693 consules
1019 654 1078 703 (P.
1104 655 1322 701 Cornelius,
1349 654 1402 691 M.
1421 652 1593 701 Baebius)
1627 668 1673 690 ex

170 726 404 762 auctoritate
435 729 595 762 senatus
626 724 675 761 ad
705 725 897 774 populun]
928 722 1154 769 tulerunt“;
1188 737 1231 760 ac
1263 723 1390 759 denuo
1415 735 1448 759 a.
1478 723 1555 759 l6O
1586 722 1674 768 „lex

169 793 217 829 de
249 793 399 830 ambitu
429 791 550 839 lata“,
584 793 670 830 Liv.
704 792 812 841 Epit.
843 792 1003 829 XLVII.
1036 812 1093 816 —-
1125 793 1190 828 79.
1222 788 1343 828 habet
1376 791 1454 827 iam
1486 793 1526 827 in
1559 790 1672 828 codd.

170 861 429 898 emendatum.
455 882 510 886 —
538 862 603 898 80.
639 857 787 909 quibus
819 860 882 897 est
911 871 958 898 ea
990 870 1055 897 res
1084 858 1131 897 in
1161 870 1300 906 mann,
1333 861 1358 896 i.
1393 872 1424 895 e.
1459 861 1526 907 qui
1558 859 1673 896 huius

169 931 226 966 rei
271 933 510 979 potestatem
556 933 595 966 et
640 929 846 965 arbitrium
893 928 1059 973 habent,
1101 932 1146 964 ut
1186 929 1349 977 praemia
1385 927 1585 973 tribuant-3
1626 928 1672 964 cf.

170 997 275 1034 Poen.
311 999 382 1035 53:
421 997 485 1044 „Si
518 997 677 1046 quidem
708 996 842 1034 licebit
872 1010 944 1045 per
974 997 1075 1042 illos,
1110 997 1253 1045 quibus
1286 1000 1345 1032 est
1376 997 1415 1032 in
1446 994 1605 1033 inanu“.

286 1067 333 1102 81
370 1079 455 1115 sqq.
502 1065 730 1102 Histriones
756 1066 861 1114 ipsos
887 1078 1042 1114 quoque
1074 1065 1121 1101 ab
1155 1066 1261 1101 omni
1295 1064 1444 1100 ambitu
1476 1064 1674 1101 abstinere

170 1134 294 1171 iubet.
355 1135 400 1171 In
444 1135 572 1184 primo
618 1147 735 1170 versu
776 1133 997 1170 subiectum
1039 1133 1201 1179 excidit,
1247 1131 1307 1168 Fl.
1355 1132 1468 1178 „illef‘
1520 1132 1675 1169 addidit

170 1207 261 1252 post
297 1201 465 1249 ..m'ihi“;
498 1215 568 1239 nos
594 1202 815 1239 Lomanum
843 1203 968 1238 secuti
993 1215 1124 1238 sumus
1150 1205 1324 1237 ext-remo
1348 1202 1480 1237 versui
1508 1199 1670 1250 „pateff‘

171 1270 394 1307 addentem.
425 1291 482 1295 —
514 1271 579 1308 83.
611 1267 855 1308 mandasset
882 1270 962 1317 Fl.‚
1002 1269 1108 1318 quod
1140 1269 1294 1316 flagitat
1330 1270 1501 1318 proximi
1540 1282 1675 1305 versus

176 1338 403 1385 ,‚fecisset“;
436 1339 660 1388 superiores
692 1338 774 1374 sere
806 1339 860 1375 sic
890 1342 1160 1383 mutaverant,
1193 1341 1238 1373 ut
1269 1341 1438 1386 utroque
1471 1337 1556 1374 1000
1588 1337 1676 1386 plu-

171 1407 295 1443 ralem
332 1410 535 1456 ponerent.
575 1427 632 1431 —
672 1407 737 1443 84.
776 1403 908 1455 Quiete
941 1416 1043 1454 qum·
1083 1405 1130 1442 de
1169 1406 1343 1442 numeris
1382 1405 1462 1442 vid.
1502 1419 1540 1454 p.
1578 1406 1676 1451 181;

171 1474 286 1512 Both.
319 1475 626 1524 transponebat:
665 1474 815 1521 „Quiue
848 1475 947 1511 alter
978 1487 1056 1522 quo
1089 1472 1308 1522 placeret“;
1342 1473 1389 1510 de
1422 1474 1559 1510 ordine
1595 1486 1676 1510 ver-

172 1543 313 1580 borum
344 1557 380 1580 v.
408 1543 457 1579 ad
475 1544 569 1592 Arg.
596 1543 645 1589 II,
673 1544 709 1580 8.
741 1563 798 1567 —-
830 1544 894 1580 85.
934 1538 1199 1585 Ornamenla,
1232 1542 1485 1590 splendidum
1515 1542 1677 1579 histrio-

173 1625 266 1648 num
297 1613 498 1657 vestitum,
533 1612 579 1648 cf.
614 1611 707 1649 Cist.
743 1613 836 1648 618.
870 1610 981 1660 Capt.
1017 1611 1110 1648 608.
1144 1610 1283 1647 Pseud.
1320 1611 1413 1647 762.
1447 1610 1552 1647 Poen.
1581 1611 1676 1646 422.

174 1679 294 1717 Stich.
332 1680 423 1717 176.
457 1680 563 1716 Trin.
599 1681 692 1717 858.
727 1700 781 1704 —
813 1677 981 1717 corium.
1029 1678 1252 1715 Histriones
1283 1678 1364 1715 fere
1402 1678 1556 1714 servilis
1589 1691 1676 1714 con·

175 1748 342 1786 dicionis
383 1752 505 1785 erant.
569 1748 609 1785 Si
656 1748 751 1797 quid
790 1748 1057 1796 deliquerant,
1099 1759 1264 1796 corpore
1303 1746 1599 1796 plectebantur,
1640 1759 1676 1782 v.

176 1816 271 1853 Cist.
305 1817 404 1853 619:
457 1816 556 1862 „Qui
595 1816 784 1865 deliquit,
826 1814 1074 1864 uapulabit“,
1115 1818 1154 1851 et
1191 1814 1495 1863 magistratibus
1534 1817 1573 1851 in
1613 1826 1678 1850 eos

176 1885 234 1920 ius
265 1885 464 1933 virgarum
497 1888 594 1922 erat.
642 1884 743 1930 Quin
768 1885 885 1921 etiam
902 1884 1105 1932 Augustus
1136 1884 1351 1932 imperator
1383 1895 1502 1931 quum
1535 1882 1677 1918 coerci-

175 1953 324 1989 tionem
355 1954 394 1989 in
426 1953 638 1990 histriones
669 1953 970 2001 magistratibus
1002 1953 1041 1988 in
1075 1951 1181 1988 omni
1212 1955 1392 2000 tempore
1425 1953 1463 1987 et
1484 1950 1570 1987 1000
1594 1950 1678 1998 lege

176 2024 309 2057 vetere
339 2022 569 2069 permissam
602 2021 811 2067 adimeret,
845 2021 947 2057 ludis
985 2024 1023 2057 et
1054 2032 1169 2056 scena
1206 2019 1389 2068 reliquit,
1422 2022 1467 2055 ut
1498 2020 1553 2055 ait
1584 2017 1677 2054 Sue-

176 2092 259 2125 ton.
291 2088 390 2138 Aug.
420 2090 485 2126 45.

293 2157 357 2193 89.
409 2154 522 2206 Quid
559 2154 760 2195 admiratis
800 2152 932 2194 estis?
977 2157 1002 2192 i.
1037 2169 1068 2192 e.
1110 2168 1179 2192 cur
1217 2154 1485 2201 admiramini,
1534 2155 1580 2191 cf.
1629 2154 1679 2191 ad

177 2238 212 2261 v.
242 2225 305 2262 52.
353 2224 516 2262 Hiatum
547 2227 587 2262 in
620 2238 767 2262 caesura
798 2237 875 2261 non
907 2224 1078 2261 ferentes
1104 2222 1316 2260 Fleckeis.:
1356 2222 1482 2269 „Quid
1513 2222 1553 2259 id
1585 2223 1678 2259 estis

179 2291 417 2329 admirati?‘⁴
481 2293 645 2330 Muller:
699 2291 853 2338 „Quid?
900 2291 1111 2329 admiratin
1150 2290 1294 2328 estis‘?“
1330 2311 1385 2315 —
1418 2292 1482 2328 90.
1516 2287 1679 2337 Iouem;

178 2362 324 2410 positio
355 2361 547 2408 neglecta,
581 2361 655 2397 nisi
687 2361 881 2409 synizesin
913 2363 1084 2397 statuere
1115 2360 1246 2406 malis,
1279 2373 1327 2396 110
1357 2359 1555 2407 dactylum
1587 2372 1677 2395 ana-

178 2432 325 2478 paestus
372 2431 556 2477 excipiat.
618 2428 764 2465 Muller
803 2432 1008 2477 transpon.
1060 2427 1216 2474 „Iovem
1261 2426 1487 2476 proferatur
1533 2426 1677 2464 nunc“.

179 2496 266 2533 Non
312 2501 370 2533 est
416 2510 577 2542 novum,
624 2496 756 2533 Iovem
796 2496 999 2533 histrionis
1039 2500 1121 2532 arte
1160 2496 1238 2542 uti3
1278 2497 1339 2531 cui
1380 2496 1482 2532 enim
1521 2509 1598 2532 non
1638 2497 1677 2532 in

180 2568 349 2601 mentem
381 2565 502 2610 venit,
537 2566 722 2613 quotiens
756 2565 898 2601 amoris
931 2577 1048 2601 causa
1079 2565 1118 2600 in
1151 2563 1342 2609 cuculum,
1376 2564 1415 2599 in
1448 2563 1610 2609 olorem,
1639 2564 1679 2599 in

181 2633 363 2682 aquilam,
397 2635 437 2670 in
468 2637 640 2677 taurum,
674 2633 713 2669 in
745 2645 902 2669 auream
934 2632 1125 2681 pluviam,
1159 2633 1198 2668 in
1231 2631 1309 2667 alia
1340 2632 1473 2668 omnia
1505 2635 1678 2668 mutatus

181 2699 260 2737 sit‘?
309 2700 386 2738 Sed
425 2701 537 2749 quasi
576 2700 647 2737 hoc
687 2714 766 2737 non
805 2703 900 2737 satis
940 2701 1008 2747 sit,
1050 2703 1131 2736 tres
1171 2712 1307 2736 versus
1354 2699 1554 2736 adduntur
1599 2703 1677 2736 tam

181 2769 318 2817 inepti,
351 2772 395 2805 ut
425 2782 474 2805 ne
506 2782 528 2805 a
558 2768 714 2818 prologi
741 2768 898 2817 quidem
923 2768 1037 2805 huius
1070 2771 1228 2804 auctore
1260 2767 1428 2816 profecti
1459 2781 1541 2804 esse
1574 2767 1678 2804 vide-

183 2841 312 2873 antur.
373 2836 577 2873 Prioribus
616 2835 770 2874 duobus
809 2840 952 2873 certam
995 2836 1168 2884 aliquam
1208 2849 1289 2872 rem
1325 2836 1395 2872 viri
1428 2836 1533 2873 docti
1566 2840 1677 2884 puta-

1344 2910 1406 2944 16*
