1926 3275
254 360 331 399 162
857 356 1136 400 Prolegomena.

362 485 439 523 Sed
470 497 589 534 quum
621 485 680 521 his
712 485 957 522 documentis
984 488 1184 534 appareat,
1212 485 1496 522 recentioribus
1522 485 1746 523 Graeeorum

248 554 445 591 comoediis
487 566 589 602 saepe
629 554 812 602 prologos
850 553 1072 601 praemissos
1112 553 1249 599 fuisse,
1290 556 1376 590 tum
1414 554 1573 591 minime
1612 568 1746 592 neces-

249 624 394 660 sarium
418 623 492 659 fuit
514 621 593 658 tale
618 621 942 658 additamentum.
984 621 1095 667 Quod
1121 621 1215 659 olim
1238 621 1452 670 placuerat,
1478 625 1524 659 ut
1547 626 1747 672 spectator

247 692 379 728 statim
418 691 465 727 ab
503 691 614 726 initio
653 691 693 726 in
731 690 880 727 medias
918 703 979 726 res
1019 693 1245 738 raperetur,
1285 689 1327 726 id
1357 703 1514 740 semper
1542 691 1745 740 placebat3

247 763 365 808 atque
397 759 528 804 etiam,
561 757 627 794 ubi
659 761 931 807 argumentum
963 758 1203 807 implicatius
1234 755 1352 808 poeta
1383 762 1562 796 accurate
1593 762 1746 808 specta-

247 827 398 864 toribus
437 827 632 875 explicare
672 839 830 863 necesse
868 826 1079 873 habuerat,
1119 826 1192 863 hoe
1229 826 1431 864 interdum
1468 840 1546 864 non
1583 827 1624 864 in
1660 827 1746 876 ipso

246 896 439 944 principio
470 895 612 931 fabulae
643 895 790 931 factum
822 898 898 940 est,
941 894 1009 931 sed
1047 908 1168 944 quum
1206 895 1335 944 prima
1375 909 1490 933 scena
1527 895 1569 932 id
1603 908 1746 945 propo-

247 964 363 1000 situm
395 963 615 1009 habuisset,
656 966 702 1000 ut
739 976 1015 1012 personarum,
1059 977 1144 1012 quae
1183 964 1392 1013 praecipuae
1425 966 1554 1010 erant,
1586 963 1747 1011 ingenia

246 1035 286 1068 et
323 1045 454 1068 mores
500 1044 616 1080 quam
661 1033 830 1068 maxime
876 1031 1047 1068 dilucide
1094 1032 1384 1081 spectatoribus
1432 1031 1744 1078 ostenderentur,

246 1100 317 1136 hac
364 1099 521 1136 demum
565 1098 676 1136 finita
721 1103 997 1147 argumentum
1043 1100 1282 1150 explicatum
1333 1103 1403 1137 est.
1479 1100 1546 1137 Fit
1588 1099 1662 1137 hoe
1706 1100 1747 1136 in

246 1167 379 1204 Plauti
401 1167 564 1204 Milite
590 1168 830 1215 glorioso,
860 1169 968 1206 cuius
992 1169 1121 1217 prima
1145 1182 1261 1206 scena
1290 1168 1575 1218 perridiculum
1606 1168 1745 1205 militis

246 1239 285 1272 et
314 1236 480 1284 parasiti
512 1236 753 1285 colloquium
784 1236 922 1284 habet,
964 1236 1134 1274 secunda
1172 1250 1328 1274 servum
1367 1237 1523 1274 exhibet
1561 1237 1602 1274 in
1635 1249 1746 1273 enar-

246 1303 369 1340 rando
416 1307 649 1351 argumento
695 1305 849 1354 prologi
894 1305 1074 1354 partibus
1115 1305 1367 1353 fungentem3
1406 1304 1453 1342 fit
1490 1306 1532 1342 in
1571 1304 1746 1342 Cistel-

245 1372 389 1418 laria,
422 1372 490 1408 ubi
519 1374 720 1420 praemisso
753 1374 909 1422 egregio
943 1374 1137 1422 colloquio
1168 1374 1392 1423 puellarum
1424 1373 1568 1411 diversi
1598 1372 1745 1422 ingenii

247 1443 286 1476 et
323 1439 420 1476 lenae
458 1444 543 1477 tum
583 1441 739 1478 demum
769 1442 973 1479 Auxilium
1014 1442 1086 1479 dea
1122 1443 1277 1491 prologi
1315 1455 1424 1479 more
1470 1443 1746 1491 argumentum

245 1508 385 1545 fabulae
417 1509 588 1557 exponit.
637 1509 811 1555 Quorum
842 1514 1057 1559 utrumque
1089 1512 1183 1560 quin
1209 1524 1254 1547 ex
1279 1510 1424 1548 Graecis
1456 1508 1746 1559 exemplaribus

244 1576 420 1623 fluxerit,
468 1590 545 1613 non
587 1580 646 1613 est
686 1578 790 1626 quod
830 1578 1074 1625 dubitemus;
1122 1579 1216 1628 quin
1262 1579 1422 1628 praeisse
1468 1578 1557 1615 huic
1601 1577 1747 1614 rationi

246 1644 415 1693 quodam
454 1644 569 1682 modo
599 1645 802 1694 Euripidis
833 1647 1081 1695 Iphigeniam
1110 1647 1368 1684 Aulidensem
1408 1646 1456 1684 ab
1496 1646 1583 1683 aliis
1621 1646 1745 1682 anim-

246 1712 453 1750 adversum
485 1716 555 1750 est.

358 1781 621 1818 Menandrum
654 1785 692 1819 et
723 1783 892 1831 aequales
923 1796 1004 1820 elus
1037 1786 1194 1820 secutus
1215 1782 1379 1820 Plautus
1405 1795 1560 1832 quoque
1591 1780 1747 1830 prologi

245 1852 376 1897 partes
418 1852 485 1885 aut
524 1849 596 1886 deo
636 1850 752 1887 alicui
782 1850 942 1897 tribuit,
974 1854 1019 1888 ut
1048 1852 1089 1888 in
1120 1851 1384 1888 Aulularia
1415 1851 1511 1888 Lari
1548 1849 1744 1895 familiari,

245 1917 285 1953 in
316 1916 540 1953 Rudente
564 1918 748 1964 Arcturo,
782 1920 821 1955 in
846 1919 1127 1957 Trinummo
1154 1919 1340 1956 Luxuriae
1372 1932 1459 1956 cum
1490 1917 1571 1954 filia
1593 1917 1744 1966 Inopia,

247 1988 314 2021 aut
343 1986 411 2021 uni
443 1998 489 2021 cx
520 1985 660 2022 fabulae
692 1987 886 2034 personis,
920 1990 965 2023 ut
994 1988 1034 2023 in
1065 1988 1345 2024 Mercatore
1385 1986 1645 2031 adulescenti,
1679 1988 1748 2021 aut

245 2052 427 2089 histrioni
472 2051 597 2101 poetae
643 2055 799 2091 nomine
845 2058 1087 2103 spectatores
1127 2055 1367 2104 alloquenti,
1407 2057 1452 2091 ut
1490 2056 1530 2091 in
1568 2054 1745 2090 Trucu-

247 2120 400 2166 lento;
440 2133 575 2157 verum
612 2134 788 2170 persaepe
826 2123 934 2160 nullo
974 2123 1140 2172 prologo
1179 2136 1272 2160 usus
1311 2122 1482 2160 Videtur.
1545 2121 1622 2159 Sed
1660 2121 1744 2170 pla-

246 2189 371 2224 cuisse
402 2188 589 2225 Romanis
628 2190 915 2237 spectatoribus
953 2191 1113 2227 videtur
1151 2192 1233 2228 eius
1271 2191 1377 2228 modi
1417 2190 1626 2236 allocutio,
1668 2201 1746 2238 qua

246 2256 417 2292 favorem
448 2260 567 2304 poeta
597 2256 670 2293 sibi
701 2258 912 2295 conciliare
937 2258 1113 2295 studeret
1138 2263 1178 2295 et
1201 2273 1289 2296 cum
1315 2258 1579 2309 praesentibus
1604 2257 1745 2295 festive

246 2323 537 2372 colloqueretur
583 2328 621 2362 et
660 2326 808 2374 populo
839 2326 1015 2364 Romano
1061 2326 1160 2364 bene
1204 2331 1443 2376 precaretur.
1506 2326 1660 2364 Sensim
1700 2337 1745 2362 eo

246 2391 436 2441 perducta
474 2396 532 2429 est
568 2406 649 2440 res,
690 2397 735 2430 ut
771 2394 880 2431 nulla
926 2395 1007 2431 fere
1046 2395 1180 2432 fabula
1221 2396 1304 2433 sine
1342 2396 1506 2445 prologo
1545 2396 1743 2442 ageretur.

246 2459 472 2497 Terentium
524 2460 719 2508 videmus,
776 2463 954 2510 quamvis
1006 2464 1254 2500 narrationes
1312 2464 1531 2513 argumenti
1583 2462 1744 2500 inutiles

246 2527 426 2574 duceret,
476 2531 607 2565 tamen
652 2530 825 2579 prologis
869 2544 982 2567 usum
1029 2545 1135 2578 esse,
1182 2535 1227 2569 ut
1267 2535 1531 2580 spectatorum
1575 2531 1745 2580 gratiam

247 2597 425 2643 captaret
464 2599 503 2631 et
540 2610 580 2633 se
618 2598 701 2645 ipsc
734 2597 782 2635 ab
813 2599 980 2635 inimicis
1019 2599 1268 2646 defenderet3
1302 2600 1375 2637 soli
1405 2599 1588 2648 Hecyrae,
1623 2611 1744 2648 quum

246 2663 415 2711 primum
449 2666 534 2699 acta
565 2667 641 2710 est,
675 2665 861 2713 prologus
890 2666 1036 2713 defuit;
1070 2670 1108 2703 et
1139 2668 1278 2704 ceteris
1311 2671 1351 2704 et
1381 2667 1470 2704 huic
1502 2667 1588 2716 ipsi,
1623 2679 1743 2715 quum

246 2730 389 2766 iterum
430 2733 469 2766 ct
506 2732 663 2768 tortium
701 2733 826 2770 relata
865 2737 942 2781 est,
983 2734 1140 2784 prologi
1180 2734 1305 2772 additi
1336 2738 1438 2772 sunt.
1499 2734 1581 2771 Hos
1614 2736 1743 2771 autem

246 2797 428 2846 prologos
466 2811 545 2834 non
583 2812 660 2835 una
699 2800 829 2849 aliqua
861 2815 906 2837 ox
937 2803 1113 2850 personis
1144 2802 1286 2840 fabulae
1325 2816 1396 2840 nec
1435 2803 1531 2840 deus
1569 2802 1743 2839 omnium

247 2878 377 2901 rerum
417 2878 561 2913 gnarus
602 2868 899 2915 pronuntiabat,
948 2869 1017 2905 sed
1062 2869 1203 2907 histrio
1249 2871 1400 2908 iuvenis
1446 2870 1528 2907 fere
1575 2870 1742 2919 speciem

248 2944 385 2979 gerens
419 2931 470 2979 (v.
490 2934 576 2970 Tor.
598 2934 736 2971 Heaut.
764 2933 800 2981 1)
834 2939 873 2971 et
905 2936 955 2972 ad
986 2936 1084 2973 hanc
1116 2937 1242 2985 ipsam
1274 2952 1355 2976 rem
1387 2941 1560 2984 ornatus,
1592 2951 1629 2974 v.
1652 2938 1740 2974 Ter.
