1926 3275
720 259 1002 304 Prolegomena.
1534 263 1616 303 203

105 391 182 430 Ad.
218 391 295 428 145
329 390 400 438 al.,
433 386 507 427 8]ιο
537 399 592 427 cm
621 388 701 427 vid.
732 389 880 427 Muller
909 403 949 440 p.
984 390 1084 436 288,
1125 389 1204 426 nisi
1243 388 1300 426 ibi
1337 389 1474 439 potius
1513 391 1617 438 syni-

105 460 207 498 zesis
237 458 343 497 facta
379 461 451 496 est.
510 454 559 495 in
587 457 732 508 Amph.
765 458 848 494 424
880 458 951 505 aL,
991 456 1072 494 vid.
1104 456 1251 494 Muller
1280 471 1320 507 p.
1356 458 1459 505 345,
1500 461 1540 495 et
1576 458 1619 495 in

106 527 269 566 vocibus
301 526 542 576 compositis,
574 529 619 562 ut
650 522 879 572 „incedere“
914 525 1006 563 Aul.
1028 525 1094 563 47.
1126 525 1235 562 Poen.
1256 525 1351 562 984.
1388 524 1614 576 „inceptat“

105 596 196 634 Ter.
219 595 364 633 Heaut.
398 595 492 632 600.
526 594 621 631 734.
666 591 1050 641 „incommoditatis“
1086 592 1139 630 ib.
1166 594 1260 631 932.
1308 591 1614 642 „indiligenter“

105 665 194 702 Mil.
227 665 293 702 28.
359 660 609 713 „ingenium“
645 661 734 699 Ter.
773 661 898 698 Andr.
939 661 1035 699 466.
1074 660 1218 698 Heaut.
1260 662 1355 699 880.
1421 660 1614 709 „iniuria“

105 732 193 771 Mil.
229 733 292 769 58.
339 728 592 781 „inpingam“
628 729 716 767 Ter.
742 729 902 767 Phorm.
937 730 1033 767 439.
1078 727 1343 780 „inprudens“
1378 728 1498 780 Epid.
1523 731 1619 768 718.

112 797 426 848 „insimulatam“
462 799 547 836 Mil.
583 799 677 835 398.
745 795 986 844 „insaniam“
1030 797 1120 835 Ter.
1152 797 1229 834 Ad.
1266 798 1366 844 1113
1405 811 1478 836 nec
1517 799 1620 836 enim

106 868 326 922 quidquam
363 867 505 914 refert,
546 866 654 916 quod
692 869 794 903 teste
834 865 1022 903 Cicerone
1062 865 1169 915 apud
1201 865 1372 903 Gellium
1401 865 1460 914 II,
1498 867 1560 914 17,
1595 868 1618 904 2

106 940 200 974 ante
229 946 252 974 S
282 939 322 972 et
352 933 380 986 f
401 935 698 985 praepositionis
727 934 874 972 vocalis
901 933 1157 984 producitur3
1189 936 1387 983 praeterea
1415 932 1615 981 „inuidia“

105 1004 196 1043 Aul.
229 1004 325 1041 474.
357 1003 446 1040 Ter.
472 1002 597 1039 Andr.
633 1003 706 1050 66,
740 1002 847 1052 quod
879 1005 1160 1040 commemorat
1198 1001 1269 1038 sed
1308 1002 1409 1039 male
1449 1003 1621 1053 explicat

105 1073 296 1110 Priscian.
320 1085 359 1122 p.
384 1071 476 1118 546,
515 1069 692 1117 „inuito“
732 1071 852 1117 1211,
886 1070 935 1107 al.
980 1069 1063 1107 Nec
1095 1083 1140 1106 ea
1172 1070 1355 1120 exempla
1386 1070 1516 1118 attuli,
1549 1070 1619 1108 ubi

106 1152 136 1179 π
167 1144 258 1178 ante
289 1140 454 1178 alteram
483 1139 677 1189 liquidam
707 1140 884 1189 ponitur,
916 1141 962 1175 ut
993 1138 1227 1175 assimilatio
1258 1138 1345 1175 fieri
1376 1139 1516 1188 possit,
1548 1152 1621 1177 nec

107 1211 171 1256 ea,
205 1221 292 1258 quae
321 1221 394 1259 per
424 1208 622 1257 synizesin
661 1207 924 1258 explicantur.
956 1226 1014 1231 —-
1043 1205 1169 1243 Porro
1201 1207 1389 1256 frequens
1421 1210 1481 1244 est
1512 1207 1621 1257 apud

105 1288 136 1315 π
164 1276 497 1325 interrogativum
526 1276 674 1326 positio
706 1275 907 1323 neglecta,
941 1277 986 1312 ut
1022 1275 1131 1321 „itan
1161 1273 1346 1312 tandem“
1383 1275 1492 1313 Trin.
1523 1276 1618 1313 642.

111 1345 265 1393 „haben
294 1342 362 1382 tu“
397 1344 451 1382 ib.
481 1344 575 1381 964.
612 1343 755 1391 „viden
786 1340 999 1381 scelestus“
1036 1342 1138 1380 Rud.
1169 1344 1291 1381 1093.
1329 1343 1468 1394 „Egon
1495 1341 1615 1393 quid“

105 1413 227 1451 Most.
261 1413 354 1450 546.
389 1413 483 1450 621.

220 1481 303 1519 Nec
334 1471 447 1518 intra
472 1480 648 1517 eiusdem
679 1479 863 1517 vocabuli
894 1479 992 1517 fines
1022 1479 1073 1518 nt
1101 1478 1296 1528 syllabam
1326 1479 1486 1530 longam
1511 1479 1619 1518 facit.

106 1549 327 1588 Videantur
356 1548 568 1587 verborum
603 1550 624 1586 3
657 1562 762 1598 pers.
794 1549 920 1599 plur.,
961 1552 1006 1586 ut
1041 1545 1230 1595 „decent“
1267 1547 1352 1585 Cas.
1385 1549 1480 1586 219.
1529 1548 1621 1595 „ha-

106 1616 227 1657 bent“
263 1618 353 1656 Ter.
385 1616 487 1654 Eun.
522 1616 616 1654 384.
655 1615 831 1663 „solent“
866 1616 1011 1654 Heaut.
1042 1617 1136 1653 993.
1174 1614 1383 1662 „student“
1418 1616 1494 1653 Ad.
1523 1618 1619 1654 900.

114 1684 273 1734 „erant“
309 1685 362 1723 ib.
396 1686 489 1723 332.
523 1705 580 1710 —-
609 1685 722 1723 mter
752 1684 867 1734 Capt.
902 1686 996 1722 610.
1029 1683 1150 1721 Stich.
1185 1684 1278 1721 619.
1311 1683 1418 1721 Trin.
1452 1685 1546 1731 709,
1580 1687 1619 1721 et

109 1755 328 1805 composita
370 1750 584 1800 „interest“
628 1753 716 1790 Ter.
755 1751 858 1790 Eun.
898 1753 992 1790 233.
1044 1746 1244 1798 „imm-eff
1286 1751 1381 1789 Hec.
1415 1752 1481 1789 42.
1525 1753 1618 1789 157.

112 1820 320 1871 „interim“
356 1821 469 1860 Cure.
503 1821 598 1858 485.
645 1821 765 1858 Most.
801 1821 922 1858 1076.
969 1820 1092 1858 Stich.
1126 1820 1221 1858 704.
1263 1820 1352 1857 Ter.
1386 1819 1488 1857 Eun.
1523 1821 1618 1857 607.

113 1888 350 1938 „intellego“
386 1889 475 1927 Ter.
495 1889 596 1926 Eun.
617 1891 712 1928 737.
744 1889 903 1926 Phorm.
924 1890 1026 1936 8063
1058 1890 1153 1926 item
1183 1886 1337 1935 „intus“
1374 1888 1504 1926 Casin.
1524 1889 1617 1926 563.

113 1956 266 2006 „intro“
309 1957 432 1995 Stich.
468 1958 560 1995 534.
600 1978 657 1983 —
694 1958 794 1995 Tum
837 1955 1166 2008 „quadringenti“
1210 1956 1350 1994 Bacch.
1386 1958 1480 1994 927.
1522 1957 1616 1993 967.

113 2028 233 2064 1177.
265 2026 368 2063 Rud.
396 2026 517 2063 1324.
555 2025 796 2073 „talentum“
831 2026 917 2063 Mil.
947 2026 1068 2063 1054.
1106 2023 1368 2072 „sedentarii“
1403 2025 1494 2062 Aul.
1523 2026 1617 2062 505.

114 2092 365 2143 „ferentarii“
416 2094 524 2131 Trin.
566 2095 661 2131 456.
727 2092 1009 2141 „Tarentinas“
1060 2093 1176 2131 Truc.
1219 2094 1312 2131 639.
1379 2090 1613 2139 „iuuentus“

108 2163 252 2213 Amph.
282 2163 373 2200 154.
406 2161 518 2200 Cure.
545 2163 610 2200 38.
642 2162 762 2200 Most.
789 2163 854 2200 30.
887 2162 1029 2199 Pseud.
1057 2160 1151 2208 202,
1184 2162 1259 2199 nisi
1290 2161 1393 2198 forte
1424 2161 1481 2198 ibi
1512 2160 1617 2209 syni-

109 2232 208 2268 zesis
238 2229 358 2268 fiebat
389 2230 557 2267 duarum
587 2231 767 2280 priorum
798 2230 1051 2279 syllabarum.
1104 2227 1338 2276 „uoluntas“
1374 2228 1459 2266 Mil.
1497 2229 1618 2266 1117.

108 2298 251 2337 Pseud.
286 2299 379 2335 538.
412 2298 534 2335 Stich.
570 2300 633 2335 59.
667 2298 774 2335 Trin.
812 2299 931 2335 1166.
964 2298 1053 2335 Ter.
1080 2298 1224 2335 Heaut.
1254 2298 1374 2344 1025,
1407 2297 1482 2333 nisi
1513 2296 1618 2333 forte

109 2380 282 2417 syncope
327 2366 431 2403 sacta
476 2369 535 2402 est
579 2366 716 2415 primae
756 2366 916 2403 vocalis.
957 2386 1014 2391 -—-
1056 2364 1196 2412 „ante“
1242 2365 1362 2402 semel
1401 2364 1618 2414 corripitur

111 2435 224 2485 Capt.
258 2435 352 2471 243.

224 2501 406 2551 Denique
438 2497 535 2539 inde
566 2502 739 2551 priorem
769 2501 928 2538 brevem
958 2501 1082 2538 habet
1112 2501 1255 2551 Amph.
1287 2501 1378 2538 156.
1410 2499 1501 2537 Aul.
1522 2501 1616 2537 359.

111 2569 225 2620 Capt.
268 2571 361 2607 128.
407 2569 515 2607 Poen.
556 2571 593 2607 2.
636 2571 729 2607 905.
774 2570 894 2606 1161.
941 2569 1049 2606 Pers.
1083 2571 1177 2606 395.
1224 2569 1326 2606 Rud.
1360 2568 1461 2615 9603
1508 2566 1618 2606 unde

112 2637 224 2688 capt.
260 2639 352 2676 109.
407 2638 502 2676 Cist.
537 2640 630 2676 391.
664 2639 758 2674 498.
806 2637 917 2675 Curc.
953 2638 1047 2675 607.
1093 2637 1203 2674 Pers.
1237 2638 1332 2674 498.
1379 2637 1486 2674 Trin.
1521 2638 1616 2674 218.

111 2706 199 2744 Ter.
222 2705 322 2743 Eun.
352 2708 445 2745 305.
478 2706 620 2743 Heaut.
649 2707 742 2743 978.
773 2726 832 2731 —
870 2702 1072 2754 Umquam
1104 2707 1279 2755 priorem
1309 2705 1468 2742 brevem
1498 2704 1618 2741 habet

110 2773 220 2811 Pers.
253 2775 348 2813 473.
379 2775 486 2812 Poen.
521 2775 615 2812 487.
649 2774 806 2811 Trucul.
841 2776 934 2812 232.
969 2775 1069 2820 241;
1107 2772 1298 2820 „ancilla“
1334 2774 1443 2811 Pers.
1477 2774 1571 2810 473.
