1926 3275
311 301 333 338 32
342 303 392 341 70
939 295 1174 339 Amphitruo.

310 430 402 465 rius.
448 426 528 465 FL:
560 425 778 473 „Seruosne
803 422 884 460 es“.
909 444 966 449 —
990 424 1083 461 340.
1109 420 1199 460 Ain
1223 422 1269 460 cf.
1297 424 1392 461 280.
1422 423 1518 460 Post
1542 433 1641 462 uero
1664 423 1808 462 hiatus.

311 493 514 533 Memfim&
551 493 729 542 neglecta
766 492 963 541 positione
1000 491 1179 528 ultimam
1218 491 1400 540 corripit,
1439 491 1480 527 id
1511 491 1617 541 quod
1647 504 1739 528 sane
1769 492 1811 528 in

310 563 386 600 fine
412 575 547 599 versus
572 560 747 606 offendit,
776 572 897 608 quare
914 558 1091 596 Lindem.
1122 556 1334 605 „mentire“
1370 560 1548 608 scripsit,
1582 559 1629 595 cf.
1654 558 1810 608 Proleg.

311 646 348 681 p.
384 632 475 667 201.
539 628 784 666 Camerarius
820 624 944 673 „Ain“
986 639 1059 675 pro
1097 625 1372 674 monosyllabo
1412 626 1560 664 habens
1592 626 1810 664 scribebat:

317 698 521 745 „Mentiris
552 709 653 733 nunc
684 694 799 732 ian1“.
854 695 1076 732 Mercurius
1107 693 1259 731 Sosiam
1295 692 1597 740 „verberonem“
1635 694 1812 744 appellat

313 767 422 816 quasi
453 764 682 801 verberibus
715 763 889 811 dignum.
952 762 1028 799 Sed
1061 761 1175 799 Sosia
1212 761 1372 799 ridiculi
1412 775 1528 799 causa
1566 763 1624 799 ita
1654 763 1811 812 accipit,

312 834 425 883 quasi
464 828 632 870 werhero
672 830 843 868 verbalis
882 829 1009 867 forma
1046 831 1118 876 sit,
1161 842 1326 878 eumque
1366 830 1526 866 mentiri
1565 830 1639 877 ait,
1673 831 1741 879 qui
1772 843 1813 868 se

311 901 520 937 verberare
554 899 669 944 dicat,
704 911 823 947 quum
854 911 934 934 non
960 897 1156 935 verberet.
1201 897 1421 934 Mercurius
1455 897 1672 948 respondet
1700 898 1813 935 brevi

311 982 447 1005 verum
488 967 584 1004 fore.
625 987 681 990 ν-
721 966 813 1003 341.
848 962 964 1003 dicas
1003 962 1159 1010 (licere,
1200 978 1251 1002 sc.
1285 978 1367 1012 me,
1410 965 1456 1002 cf.
1496 965 1545 1002 ad
1582 979 1619 1003 v.
1654 967 1719 1003 22.
1756 985 1814 989 -—

315 1037 406 1073 5342.
442 1045 519 1084 (suo
546 1032 773 1084 profectus,
806 1034 831 1070 i.
858 1046 889 1070 e.
917 1047 994 1083 quo
1026 1033 1178 1080 tendas,
1211 1045 1366 1082 pergas,
1397 1033 1443 1070 cf.
1471 1033 1564 1070 465.
1597 1032 1685 1070 Ter.
1710 1032 1811 1070 Eun.

314 1105 412 1141 280:
454 1102 644 1149 „fortasse
674 1106 718 1138 tu
748 1102 951 1152 profectus
983 1102 1060 1138 alio
1091 1099 1264 1138 fueras“.
1313 1100 1487 1137 Auditur
1518 1104 1587 1137 aut
1622 1098 1710 1147 „es“
1747 1104 1816 1137 aut

318 1170 434 1218 „sis“,
466 1184 555 1207 nain
588 1173 627 1206 et
657 1169 892 1206 indicativus
930 1169 1024 1206 ferri
1060 1172 1213 1219 potest,
1244 1168 1325 1205 vid.
1359 1168 1409 1205 ad
1439 1181 1475 1204 v.
1511 1169 1581 1215 17;
1615 1168 1662 1205 de
1692 1168 1814 1205 verbo
1842 1190 1847 1194 ·

313 1239 558 1275 substantivo
600 1238 742 1273 omisso
781 1237 858 1274 vid.
900 1237 949 1274 ad
991 1238 1083 1275 590.
1115 1257 1172 1261 —
1204 1233 1307 1285 quid
1343 1233 1528 1283 ueneris,
1568 1250 1603 1273 v.
1638 1235 1687 1272 ad
1721 1237 1813 1273 373.

313 1327 368 1332 ———
401 1307 493 1343 343.
526 1305 622 1342 Post
653 1314 698 1342 60
732 1305 874 1342 hiatus.
937 1304 1087 1342 Camer.
1121 1305 1267 1353 aliique
1311 1302 1433 1351 „mei“
1477 1296 1728 1341 addiderunt.
1760 1324 1816 1328 —

316 1376 408 1411 344.
440 1369 609 1411 ,ςίτθῖθδΐε
641 1372 753 1410 codd.
813 1372 914 1409 Edd.
954 1373 1045 1410 inde
1085 1386 1106 1410 a
1143 1373 1272 1422 prima
1308 1373 1506 1421 pleraeque
1543 1370 1814 1418 „scelestam“,

315 1442 422 1492 quod
444 1441 541 1478 mihi
566 1441 725 1477 minime
750 1442 1011 1478 necessarium
1043 1440 1212 1478 videtur.
1237 1461 1292 1465 —
1323 1435 1589 1488 Comprimam
1618 1436 1816 1489 linquam,

315 1510 529 1546 orationem
569 1512 637 1545 aut
676 1509 818 1546 similia
856 1522 959 1559 saepe
998 1508 1164 1556 dicitur,
1198 1508 1244 1545 cf.
1277 1508 1382 1544 infra
1413 1508 1508 1544 492.
1570 1507 1647 1545 Sed
1682 1520 1817 1544 servus

316 1579 491 1627 argutias
524 1590 702 1627 quaerens
735 1576 1019 1627 comprimendi
1057 1577 1240 1622 verbum,
1275 1577 1388 1625 quasi
1419 1575 1555 1623 lingua
1584 1575 1719 1625 puella
1750 1575 1815 1621 sit,

318 1646 365 1682 de
398 1645 608 1683 concubitu
640 1644 838 1693 intelligit.
892 1645 1000 1682 Idem
1032 1645 1140 1682 lusus
1170 1644 1280 1681 Asin.
1314 1644 1407 1681 290.
1456 1642 1539 1680 Cas.
1576 1643 1668 1680 339.
1715 1641 1817 1680 Rud.

322 1715 440 1750 1074.
484 1713 596 1750 Truc.
632 1713 723 1749 261.
756 1733 812 1737 —
846 1713 938 1749 346.
972 1713 1065 1750 Post
1101 1709 1242 1761 uegsot'i
1280 1711 1411 1748 hiatus
1450 1711 1491 1747 in
1531 1710 1706 1757 (liaeresi,
1750 1709 1818 1747 sed

318 1785 408 1818 ante
441 1781 520 1827 est,
553 1784 595 1817 ut
631 1780 840 1817 dubitandi
873 1794 991 1817 causa.
1022 1780 1083 1817 sit.
1137 1780 1305 1829 Antiqui
1337 1779 1424 1816 edd.
1457 1792 1596 1828 parum
1627 1778 1815 1816 feliciter:

323 1846 587 1896 „negotium“,
628 1847 687 1884 Fl.
734 1861 859 1894 „nunc
897 1848 972 1884 tibi
1009 1847 1221 1897 negotist“.
1253 1868 1308 1872 —
1351 1848 1442 1884 347.
1479 1842 1699 1896 Sinyulos,
1739 1859 1818 1883 non

317 1917 450 1962 binos,
492 1915 629 1964 vigiles
668 1915 866 1952 Romanos
906 1917 1083 1965 posuisse
1123 1919 1278 1952 constat
1316 1928 1363 1951 ex
1393 1914 1530 1963 Polyb.
1564 1914 1638 1961 VI,
1673 1915 1745 1960 35,
1780 1915 1816 1950 6.

320 2004 371 2007 —-
409 1985 500 2020 2248.
537 1983 695 2020 tutatus
727 1984 806 2029 (2315,
840 1983 1020 2020 absolute
1053 1983 1200 2020 dictum
1240 1984 1322 2019 sine
1364 1982 1538 2029 obiecto,
1571 1985 1615 2019 ut
1645 1981 1740 2019 Caes.
1772 1981 1817 2018 Β.

319 2051 399 2087 (j'iv.
432 2050 508 2096 III,
547 2051 644 2086 111:
698 2054 801 2096 „tam
839 2051 916 2087 late
956 2051 1060 2087 tueri
1099 2064 1223 2099 parva
1261 2064 1379 2087 manu
1417 2063 1494 2087 non
1532 2047 1731 2099 poterat“.
1763 2069 1818 2073 —

322 2119 413 2154 249.
447 2114 697 2167 sumlllw‘iS‘,
738 2131 869 2154 servos
905 2118 1158 2164 domesticos,
1198 2131 1235 2155 V.
1273 2119 1363 2155 127.
1425 2117 1596 2154 Pluralis
1634 2129 1818 2154 numerus

320 2198 442 2233 genus
475 2185 632 2230 iudicat,
666 2185 713 2221 cf.
739 2186 853 2222 Truc.
883 2186 959 2222 513
995 2189 1033 2222 et
1065 2187 1144 2223 750
1178 2185 1226 2222 de
1256 2199 1335 2223 uno
1367 2199 1501 2235 puero.
1547 2184 1688 2222 Pseud.
1715 2185 1815 2222 456:

325 2252 535 2299 „uicinos“.
570 2252 687 2289 Stich.
711 2254 809 2290 329:
841 2252 1010 2299 ‚,Tu0s“.
1043 2254 1164 2291 Merc.
1185 2254 1283 2291 706:
1317 2253 1492 2300 „Urbani
1507 2252 1607 2290 fiunt
1623 2249 1812 2289 rustici?“

319 2341 374 2345 =
408 2322 499 2357 350.
533 2317 686 2358 Nescio
717 2334 789 2370 pro
822 2321 979 2369 dactylo
1011 2322 1238 2371 legendum,
1272 2321 1377 2370 quod
1410 2335 1456 2357 ue
1496 2320 1551 2357 ibi
1582 2319 1717 2366 fieret,
1749 2319 1818 2356 ubi

320 2389 401 2424 veri
426 2387 534 2424 vorbi
560 2389 636 2424 vim
664 2389 862 2434 retineret,
890 2389 1031 2426 Luchs.
1058 2391 1097 2426 in
1115 2390 1268 2426 Hermae
1293 2389 1358 2435 VI,
1384 2402 1421 2438 p.
1449 2389 1529 2425 270
1556 2390 1707 2425 mutato
1732 2399 1818 2423 vcr—
1852 2411 1856 2416 -

320 2455 458 2492 borum
492 2456 628 2492 ordine
653 2456 869 2493 scribebat:
909 2456 1071 2502 „Nescio
1097 2470 1214 2506 quam
1239 2457 1445 2493 familiaris
1469 2460 1513 2492 tu
1537 2454 1636 2501 sis“;
1667 2454 1818 2491 Becker

319 2525 357 2559 in
384 2523 558 2560 Studom.
586 2523 746 2570 Studiis,
772 2524 801 2570 I,
834 2538 872 2573 p.
900 2525 993 2570 239,
1026 2525 1148 2561 totius
1178 2525 1253 2562 loci
1285 2528 1447 2570 naturae,
1481 2536 1601 2572 quum
1631 2523 1818 2560 minantis

321 2591 440 2627 verba
472 2592 558 2637 sint,
592 2593 714 2640 inagis
747 2593 955 2628 convenire
986 2593 1227 2640 suspicatur:
1275 2593 1352 2638 „At
1384 2593 1466 2628 scin
1498 2604 1615 2640 quam
1645 2594 1691 2628 tu
1723 2620 1731 2628 .
1752 2621 1760 2628 .
1779 2588 1812 2627 .“

320 2658 511 2694 Neutrum
544 2659 805 2695 necessarium
837 2659 1006 2696 videtur.
1038 2679 1095 2684 —
1123 2661 1227 2697 Ante
1258 2658 1344 2697 ‘nessa'
1375 2660 1540 2696 forsitan
1579 2658 1722 2707 aliquis
1753 2671 1817 2695 ex-

321 2725 535 2773 pectaverit
589 2725 875 2763 adversativam
929 2728 1242 2765 coniunctionem
1294 2725 1370 2765 86ίῖ
1421 2731 1491 2764 aut
1537 2735 1702 2771 uerum,
1749 2723 1818 2762 sed

321 2793 512 2829 similibus
545 2793 718 2829 abundat
744 2794 922 2841 Plautus,
955 2794 1034 2831 vid.
1067 2795 1169 2831 infra
1200 2796 1294 2832 416.
1328 2796 1422 2832 420.
1457 2795 1551 2832 492.
1583 2793 1692 2830 Asin.
1722 2792 1816 2829 368.

321 2859 438 2896 Most.
460 2862 557 2896 090:
597 2861 695 2906 „nisi
728 2861 822 2910 quid
852 2860 999 2909 inagis“
1037 2865 1108 2899 etc.
1143 2862 1254 2899 Cure.
1274 2863 1374 2899 414:
1406 2861 1505 2908 „Qui
1528 2856 1812 2898 Summanus?“
