1926 3275
147 347 174 389 I,
192 349 220 387 1,
240 346 371 380 17—32
808 347 987 381 Asinaria.
1593 352 1643 390 81

780 474 1013 515 Libanus

204 545 290 587 Ubi
320 545 427 587 flent
456 559 645 599 nequam
674 544 880 597 homines,
913 546 986 598 qui
1017 545 1239 599 polentam
1269 546 1489 600 pinsitant,

205 618 333 672 Apud
363 616 645 659 fustitudinas
675 616 981 671 ferricrepinas
1012 617 1186 668 insulas,

206 689 290 731 Ubi
320 690 445 731 uiuos
475 689 669 731 homines
699 690 860 731 mortui
890 690 1115 731 incursant
1144 690 1290 731 boues.
1607 690 1650 722 35

508 809 511 812 ῃ
726 761 1080 803 Demaenetus

206 833 335 875 Modo
368 833 443 887 pol
472 833 660 887 percepi,
692 833 870 885 Libane,
903 833 1007 888 quid
1036 834 1150 874 istuc
1182 834 1238 874 sit
1268 833 1376 874 loci:

207 906 294 948 Ubi
324 907 377 958 fit
404 904 593 959 polenta,
625 909 668 946 te
700 904 886 947 fortasse
919 905 1076 947 dicere.

783 977 1019 1019 Libanus

1108 1049 1187 1101 Ah,

209 1124 360 1177 Neque
391 1121 538 1163 hercle
571 1136 649 1175 ego
681 1121 793 1162 istuc
826 1121 923 1162 dico
955 1135 1035 1162 nec
1068 1121 1231 1162 dictum
1265 1121 1377 1173 uolo,

210 1196 355 1249 Teque
388 1194 570 1236 obsecro
602 1194 748 1235 hercle
779 1198 828 1236 ut
860 1208 970 1248 quae
1001 1192 1209 1234 locutus's
1240 1193 1438 1247 despuas.

728 1266 1084 1307 Demaenetus

210 1340 243 1381 F
247 1340 325 1392 iat3
359 1343 538 1393 geratur
567 1353 659 1380 mos
689 1339 782 1380 tibi.

787 1411 1024 1452 Libanus

802 1482 892 1536 Age
925 1498 1017 1536 age,
1048 1498 1184 1537 usque
1217 1497 1385 1524 excrea.
1612 1484 1658 1516 40

728 1570 1085 1611 Demaenetus

213 1627 442 1668 Etiamne?

792 1697 1024 1739 Libanus

460 1770 551 1822 Age
583 1783 745 1823 quaeso
778 1770 924 1811 hercle
955 1784 1091 1823 usque
1123 1783 1175 1810 ex
1207 1769 1366 1822 penitis
1397 1767 1608 1808 faucibus.

215 1842 360 1883 Etiam
391 1842 588 1895 amplius.

734 1912 1093 1953 Demaenetus

614 1984 723 2025 Nam
755 1999 838 2038 quo
871 1985 1039 2038 usque?

796 2056 1029 2097 Libanus

1037 2126 1184 2180 Usque
1216 2125 1269 2166 ad
1301 2129 1484 2167 mortem
1515 2125 1627 2165 uolo.

737 2199 1090 2240 Demaenetus

221 2270 336 2312 Caue
369 2271 425 2311 sis
456 2270 615 2311 malam
646 2284 750 2312 rem.

794 2341 1026 2383 Libanus

767 2412 922 2454 Uxoris
955 2412 1065 2462 dico,
1098 2425 1183 2451 non
1215 2414 1347 2450 tuam.

738 2485 1091 2525 Demaenetus

221 2555 344 2597 Dono
378 2559 420 2596 te
453 2555 506 2596 ob
538 2555 650 2596 istuc
683 2555 846 2596 dictum
878 2559 927 2595 ut
958 2568 1110 2606 expers
1143 2553 1200 2593 sis
1233 2556 1362 2593 metu.

803 2627 1032 2667 Libanus

223 2698 277 2739 Di
307 2698 387 2739 tibi
420 2698 524 2740 dent
554 2712 885 2752 quaequomque
918 2702 1051 2750 optes.

257 2867 300 2900 33
324 2866 492 2900 homines
522 2876 680 2909 nequam
739 2866 949 2910 pransitant
1048 2866 1091 2899 37
1121 2864 1164 2898 fit
1194 2874 1257 2899 om.
1320 2863 1400 2897 Ahe
1499 2864 1542 2897 38
1575 2873 1660 2906 ergo

168 2923 211 2956 39
234 2922 380 2956 herclae
439 2923 586 2956 locutus
679 2924 721 2956 41
749 2922 880 2965 leqitur
898 2926 987 2965 post
1013 2923 1068 2955 54.

1370 2991 1390 3020 (i
