1926 3275
244 267 326 306 392
901 261 1081 296 Asinaria.

243 393 366 439 veris,
405 392 447 428 id
485 405 558 442 pro
599 391 767 437 donato,
807 403 885 428 non
922 403 994 440 pro
1035 389 1281 428 commodato
1315 391 1406 437 erit,
1439 403 1510 427 nec
1541 393 1599 427 est
1631 389 1737 440 quod

243 461 318 497 tibi
349 460 547 497 redditum
578 461 626 496 iri
659 473 804 509 speres.
841 479 889 483 —
923 459 1017 496 443.
1055 456 1193 506 „odi07
1235 458 1372 495 odiosa
1408 456 1732 507 importunitate“

243 528 381 566 Lamb.
430 527 485 565 Cf.
506 529 598 565 912.
634 528 726 565 918.
759 526 898 563 Bacch.
919 527 1018 564 209:
1057 526 1169 573 „Non
1200 539 1274 573 res,
1306 526 1374 563 sed
1404 530 1514 563 actor
1544 526 1639 563 mihi
1671 538 1738 564 cor

243 596 333 633 odio
365 593 554 632 sauciat“.
614 595 715 632 Rud.
751 595 851 632 944:
889 607 973 641 „me
1005 594 1094 631 odio
1127 592 1297 631 enicas“.
1360 594 1473 631 Truo.
1510 595 1600 631 122.
1646 593 1735 631 Ter.

242 664 398 701 Phorm.
434 664 532 700 849:
571 663 814 711 „Numquam
845 666 889 699 tu
921 662 1010 699 odio
1042 665 1112 699 tuo
1143 676 1203 699 me
1234 661 1408 700 uinces“.
1471 661 1549 699 Cic.
1583 661 1734 699 Cluent.

246 734 316 779 39,
354 733 450 769 109:
503 730 639 778 „Quod
679 734 764 767 erat
802 729 961 767 odium?
1002 743 1087 780 quae
1126 728 1364 780 superbia?“
1399 751 1455 755 —
1485 726 1621 776 Heus,
1653 726 1738 767 iam

242 796 359 847 sabi-9,
394 799 449 846 bu,
481 799 535 836 sic
567 799 669 835 enim
699 798 1071 849 interpungendum,
1105 800 1130 835 i.
1158 812 1189 835 e.
1216 798 1322 836 Heus
1347 802 1402 845 tu,
1434 799 1511 836 iam
1543 799 1637 835 satis
1664 801 1734 834 est.

242 867 313 904 His
332 867 506 904 Libanus
529 868 691 913 veritus,
724 880 772 903 ne
803 870 1009 913 mercator,
1041 870 1087 903 ut
1117 866 1229 913 dixit,
1263 866 1389 913 abeat,
1422 866 1639 904 Leonidam
1671 865 1737 902 ad-

241 938 384 972 monet.
431 935 609 985 Apparet
641 947 704 972 eos
735 935 841 971 inter
871 948 911 972 se
941 935 1021 972 haec
1045 935 1168 984 loqui,
1194 948 1271 971 non
1297 934 1482 972 audiente
1506 937 1735 971 mercatore.

356 1004 450 1040 445.
485 1001 630 1041 adeam
662 1003 936 1051 optmmmzst,
968 1004 993 1040 i.
1027 1017 1058 1040 e.
1094 1007 1297 1052 optumum
1330 1006 1398 1049 est,
1430 1007 1475 1039 ut
1506 1002 1654 1049 adeam,
1687 1001 1735 1038 cf.

240 1071 330 1108 Aul.
367 1073 464 1109 557:
511 1074 737 1120 „optumum
777 1074 835 1108 est
873 1071 976 1108 loces
1014 1069 1307 1108 ecferundum“.
1368 1070 1485 1120 Epid.
1520 1071 1591 1107 60:
1636 1068 1738 1116 „Sed

241 1143 392 1177 taceam
426 1137 706 1189 optuinumst“.
760 1139 865 1176 Men.
894 1141 993 1176 927:
1033 1139 1146 1186 „Scin
1173 1139 1268 1188 quid
1298 1139 1416 1175 facias
1448 1134 1734 1188 optumumst“.

240 1207 343 1244 Rud.
379 1208 476 1244 377:
532 1206 751 1256 „Capillum
795 1209 1026 1257 promittam
1073 1205 1358 1257 optuinumst“.
1433 1206 1514 1243 Nec
1560 1205 1736 1243 absimile

240 1275 380 1312 Bacch.
402 1276 502 1312 987:
540 1275 713 1321 „Iustum
747 1278 806 1311 est
837 1278 928 1312 tuus
958 1275 1032 1312 tibi
1063 1288 1198 1312 seruos
1223 1278 1292 1312 tuo
1320 1274 1516 1312 arbitratu
1547 1270 1735 1310 seruiat“.

245 1363 293 1368 —
345 1341 518 1391 tinnire,
559 1344 582 1379 i.
617 1356 648 1380 e.
689 1343 895 1392 strepitum
935 1343 1081 1390 facere,
1122 1344 1168 1380 cf.
1202 1343 1329 1380 Casin.
1365 1344 1465 1380 228:
1514 1342 1736 1391 „conprime

239 1415 297 1458 te3
330 1412 491 1448 nimium
522 1409 685 1448 tinnis“.
727 1411 869 1447 Pseud.
898 1412 990 1448 893.
1018 1432 1071 1436 —
1099 1412 1193 1448 446.
1227 1408 1327 1448 milti
1359 1421 1523 1459 operam
1555 1407 1644 1457 dces,
1676 1423 1737 1447 me

243 1480 376 1526 audis,
420 1480 466 1516 cf.
500 1480 604 1516 Men.
642 1480 761 1517 1088.
825 1479 930 1516 Trin.
966 1481 1058 1517 897.
1121 1480 1208 1516 Ter.
1240 1478 1340 1516 Eun.
1376 1480 1440 1516 44.
1481 1479 1530 1515 al.
1591 1477 1737 1515 Versus

243 1561 358 1584 causa
389 1547 502 1584 Both.
536 1545 592 1584 mi
623 1547 818 1584 scribebat
849 1550 887 1584 et
918 1561 1009 1585 mox
1039 1544 1166 1596 Hem,
1205 1551 1414 1596 utrumque
1446 1560 1530 1584 cum
1562 1546 1735 1583 elisione.

241 1615 471 1652 Fleckeisen
506 1615 668 1652 verbum
703 1612 780 1653 das
811 1615 1029 1653 omittebat.
1062 1636 1118 1641 —-
1149 1617 1242 1653 447.
1277 1626 1327 1653 ‘ne
1357 1612 1457 1653 uilio
1488 1614 1652 1662 uortas,
1684 1628 1735 1652 sc.

242 1684 349 1730 mihi,
377 1687 421 1720 ut
447 1685 548 1720 471:
587 1697 725 1730 „crura
757 1682 1054 1731 clefringentur“
1086 1698 1136 1722 sc.
1162 1684 1246 1721 tibi.
1271 1704 1327 1708 ——
1352 1684 1445 1721 449.
1480 1680 1621 1733 Neyat
1651 1691 1740 1720 6836

242 1749 386 1790 intus?
426 1766 476 1789 sc.
511 1751 695 1788 Libanus.
757 1751 1034 1801 Interrogandi
1074 1740 1401 1802 signum-posui3
1448 1765 1539 1788 nam
1575 1762 1738 1799 negasse

241 1821 315 1858 hoc
347 1834 433 1857 eum
464 1834 499 1857 v.
536 1821 613 1856 390
647 1819 841 1856 Leonidas
879 1821 1059 1869 ignorare
1098 1820 1224 1857 debet.
1257 1840 1312 1845 —
1345 1821 1438 1857 451.
1477 1815 1738 1868 „Repromit-

245 1889 328 1926 tam
366 1888 440 1925 tibi
472 1889 666 1924 neminem
698 1888 864 1937 amplius
904 1890 981 1925 isto
1020 1890 1177 1926 nomine
1208 1886 1466 1938 petiturum“.
1514 1887 1651 1924 Lamb.
1683 1907 1740 1911 -—

243 1953 420 1994 solutam
460 1966 563 2003 rem,
604 1956 648 1992 cf.
684 1957 777 1992 217.
817 1975 874 1980 ——-
911 1957 1004 1993 452.
1039 1952 1110 1994 Sic
1137 1954 1302 2005 potins,
1343 1970 1392 1994 sc.
1428 1968 1550 2004 agam.
1582 1975 1637 1980 ——
1668 1951 1740 1992 tibi

242 2026 346 2061 inter
386 2024 580 2060 ablativos
622 2025 909 2072 consequentiae
949 2025 1234 2074 interponitur,
1268 2028 1311 2061 ut
1341 2025 1381 2060 in
1411 2024 1593 2073 proximo
1622 2036 1739 2060 versu

242 2089 347 2130 lefm'c.
384 2112 436 2116 —
468 2093 561 2128 453.
595 2088 713 2129 Erus
754 2089 890 2129 istem&
926 2089 1045 2129 vonit.
1084 2096 1156 2129 etc.
1219 2092 1337 2138 Quasi
1382 2092 1472 2129 inde
1518 2092 1738 2128 necessario

243 2174 391 2197 summa
431 2158 574 2197 fiducia
620 2161 789 2207 oriatur,
836 2161 896 2197 his
941 2161 1071 2197 verbis
1110 2160 1284 2197 Libanus
1329 2161 1541 2197 mercatori
1586 2159 1736 2206 suadet,

242 2232 287 2264 ut
326 2227 513 2265 Leonidae
559 2229 761 2276 pecuniam
810 2229 956 2266 credat.
1019 2229 1074 2266 Cf.
1108 2229 1227 2266 Most.
1263 2230 1355 2266 881.
1397 2249 1452 2253 —
1499 2229 1592 2265 454.
1624 2225 1738 2277 peri-

244 2293 332 2333 culo
371 2296 463 2332 olim
495 2297 757 2333 emendatum.
793 2317 848 2321 ——
887 2293 1098 2344 exhibebo,
1130 2296 1340 2346 praestabo.
1372 2317 1428 2321 —
1460 2298 1552 2334 456.
1587 2293 1657 2345 qui
1686 2295 1737 2342 B;

245 2363 331 2400 edd.
366 2377 451 2400 cum
485 2366 623 2401 ceteris
649 2365 760 2401 codd.
789 2362 901 2414 qum}
932 2365 992 2402 Fl.
1024 2366 1115 2414 „qui
1138 2363 1268 2402 huic“.
1326 2362 1456 2402 credit
1486 2365 1579 2402 olim
1612 2377 1738 2401 emen-

243 2431 389 2468 datum.
453 2430 636 2469 omnium
666 2443 823 2481 rernm,
856 2433 933 2470 vid.
960 2434 1101 2483 Amph.
1132 2435 1223 2470 665.
1256 2454 1312 2457 —
1343 2435 1436 2470 457.
1469 2429 1567 2470 Non
1597 2429 1740 2481 mayn&

239 2497 387 2548 pendo.
456 2500 551 2536 Post
596 2500 677 2537 haec
725 2515 881 2538 necesse
929 2506 989 2538 est
1033 2502 1149 2551 plene
1195 2503 1518 2551 interpungatur3
1566 2501 1739 2550 alioquin

243 2581 320 2604 non
369 2578 416 2604 mr
462 2566 549 2605 decit
593 2570 781 2618 scriptum
828 2574 948 2616 esset,
996 2570 1063 2606 sed
1109 2584 1224 2616 „num
1266 2568 1391 2606 duit“.
1431 2590 1487 2594 -—-
1524 2566 1584 2606 Sic
1620 2568 1738 2616 astet,

244 2635 267 2670 i.
302 2648 332 2670 e.
374 2648 457 2671 cum
498 2641 659 2683 argento
699 2641 921 2687 expectans.
962 2658 1017 2662 —-
1057 2639 1149 2675 450.
1192 2648 1239 2676 (cc
1277 2639 1408 2675 omisit
1437 2637 1496 2674 Fl.
1530 2637 1643 2673 male.
1682 2657 1739 2661 —

245 2703 338 2738 460.
371 2699 496 2740 habeo
528 2704 576 2750 133
618 2704 664 2740 ab
706 2705 829 2742 altera
868 2719 985 2742 manu
1019 2704 1298 2753 (CamerariiP)
1339 2702 1489 2744 habebo
1521 2708 1739 2742 correctum

248 2772 327 2815 cst,
361 2769 478 2818 idque
512 2770 707 2809 editorum
737 2773 915 2822 plerique
946 2777 1176 2820 tenuerunt,
1210 2775 1398 2811 orationis
1430 2773 1588 2823 quidem
1622 2786 1739 2810 causa

245 2850 323 2873 non
355 2840 637 2885 necessarium,
680 2839 725 2875 cf.
758 2840 900 2889 Amph.
936 2842 1035 2886 7143
1076 2855 1211 2878 versus
1253 2846 1382 2879 autem
1420 2846 1465 2879 ut
1504 2842 1740 2879 restituatur

243 2903 357 2942 Both.
391 2905 448 2942 Fl.
483 2910 634 2943 mutato
666 2906 821 2944 ordine:
868 2907 984 2955 „dum
1019 2909 1176 2957 quidem
1208 2911 1247 2946 in
1279 2924 1395 2947 manu
1428 2911 1512 2960 ipse
1543 2908 1736 2947 habebo“.
