1926 3275
376 262 426 299 92
1060 258 1179 291 Plauti
1626 257 1671 300 11,
1691 259 1720 299 1,
1737 259 1834 300 1—2,
1848 258 1870 291 4

866 495 1109 538 LIBANUS
1149 495 1376 537 SERUOS.

376 602 530 642 Hercle
561 615 678 651 uero,
711 599 886 650 Libane,
917 612 1032 640 nunc
1061 603 1104 639 te
1136 597 1309 639 meliust
1340 598 1649 651 expergiscier,

375 673 534 726 [Atque
567 675 746 724 argento
780 670 1072 724 comparando
1104 669 1267 722 fingere
1297 668 1551 722 fallaciam]

375 745 466 785 Iam
506 744 619 785 diust
657 743 838 794 factum,
877 756 1006 796 quom
1046 742 1218 782 discesti
1258 741 1312 782 ab
1345 755 1418 782 ero
1448 746 1589 796 'atque
1628 741 1777 782 abiisti
1815 741 1871 782 ad

687 821 691 824 “
1324 812 1477 854 forum.

373 888 522 941 Igitur,
554 887 817 929 inueniundo
850 890 1029 938 argento
1062 889 1110 926 ut
1140 884 1323 937 fingeres
1354 884 1588 937 fallaciam,
1805 885 1871 918 250

373 960 439 1000 Ibi
469 964 516 1000 tu
548 960 603 1000 ad
634 959 715 1000 hoc
749 959 833 999 diei
863 963 1034 1011 tempus
1069 957 1314 998 dormitasti
1345 958 1388 997 in
1421 957 1541 998 otio?

375 1032 486 1081 Quin
516 1035 565 1072 tu
596 1031 674 1072 abs
706 1035 749 1072 te
783 1031 1024 1072 socordiam
1056 1043 1225 1070 omnem
1255 1029 1370 1070 reice
1399 1033 1441 1070 et
1467 1029 1694 1081 segnitiem
1718 1042 1870 1070 amoue

372 1103 513 1156 Atque
545 1103 600 1143 ad
631 1103 851 1155 ingenium
881 1107 1007 1143 uetus
1039 1106 1265 1142 uorsutum
1295 1102 1441 1154 recipe
1472 1105 1515 1142 te
1546 1101 1700 1141 tuum?

375 1174 510 1215 Serua
542 1189 680 1225 erum3
716 1188 820 1215 caue
852 1178 900 1214 tu
931 1174 1046 1214 idem
1076 1173 1198 1224 faxis,
1233 1173 1306 1213 alii
1339 1173 1455 1226 quod
1486 1172 1599 1213 serui
1631 1172 1783 1223 solent,

374 1246 457 1296 Qui
488 1246 544 1286 ad
575 1247 637 1286 eri
668 1246 988 1287 fraudationem
1022 1244 1226 1285 callidum
1256 1246 1473 1297 ingenium
1505 1247 1671 1297 gerunt.
1805 1249 1871 1282 255

372 1317 495 1359 Unde
533 1318 727 1359 sumam?
767 1332 895 1371 quem
931 1317 1251 1358 interuortam?
1291 1330 1374 1370 quo
1407 1315 1517 1356 hanc
1550 1315 1740 1357 celocem
1771 1329 1870 1356 con-

1325 1388 1494 1429 feram?

373 1461 643 1514 Inpetritum,
673 1461 1037 1512 inauguratumst3
1071 1460 1223 1514 quouis
1256 1460 1491 1501 admittunt
1522 1474 1635 1500 aues.

372 1532 498 1574 Picus
531 1537 573 1573 et
605 1533 753 1573 cornix
785 1532 840 1572 ab
872 1532 1012 1580 laeua,
1046 1545 1211 1583 coruos,
1243 1545 1372 1584 parra
1403 1531 1456 1572 ab
1490 1531 1667 1573 dextera

374 1603 670 1655 Consuadent3
705 1607 867 1644 certum
898 1602 1084 1644 herclest
1119 1608 1314 1644 uostram
1353 1603 1557 1656 consequi
1597 1603 1868 1643 sententiam.

375 1675 460 1716 Sed
506 1675 610 1729 quid
650 1675 751 1726 hoc,
800 1675 915 1728 quod
960 1676 1081 1729 picus
1127 1675 1290 1716 ulmum
1335 1675 1510 1716 tundit?
1555 1689 1641 1715 non
1686 1678 1871 1715 temera-

1326 1747 1492 1787 riumst.
1725 1770 1729 1773 <
1806 1745 1873 1778 260

375 1818 502 1859 Certe
534 1818 679 1859 hercle
712 1831 789 1870 ego
823 1822 1030 1871 quantum
1062 1832 1113 1858 ex
1145 1819 1326 1870 augurio
1359 1819 1449 1859 eius
1482 1818 1568 1871 pici
1598 1817 1816 1871 intellego,

372 1890 459 1931 Aut
489 1890 591 1930 mihi
622 1891 665 1931 in
696 1890 854 1931 mundo
886 1894 984 1931 sunt
1014 1891 1163 1943 uirgae
1196 1893 1273 1931 aut
1303 1891 1482 1931 atriensi
1513 1890 1716 1931 Saureae.

374 1960 458 2002 Sed
490 1961 593 2014 quid
623 1961 737 2011 illuc,
771 1961 886 2015 quod
918 1961 1189 2002 exanimatus
1222 1962 1356 2002 currit
1385 1961 1469 2003 huc
1499 1961 1720 2002 Leonida?

374 2032 532 2083 Metuo,
565 2047 693 2086 quom
723 2032 813 2073 illic
845 2032 1127 2073 obscaeuauit
1157 2046 1277 2074 meae
1309 2032 1444 2074 falsae
1475 2032 1688 2074 fallaciae.

655 2216 906 2258 LEONIDA
966 2216 1223 2267 LIBANUS,
1256 2217 1425 2259 SERUI
1456 2217 1585 2259 DUO.

1004 2317 1240 2359 Leonida

375 2390 457 2431 Ubi
490 2405 566 2444 ego
592 2390 804 2431 Libanum
834 2403 948 2430 nunc
978 2391 1196 2443 requiram
1228 2394 1302 2431 aut
1333 2390 1592 2431 familiarem
1622 2390 1768 2442 filium,
1803 2395 1870 2430 265

374 2461 431 2502 Ut
463 2475 540 2513 ego
573 2462 669 2503 illos
700 2462 966 2503 lubentiores
996 2461 1155 2502 faciam
1187 2475 1316 2515 quam
1347 2462 1635 2503 Lubentiast‘?

374 2533 618 2573 Maxumam
651 2533 859 2586 praedam
890 2538 933 2573 et
964 2533 1230 2585 triumphum
1262 2534 1322 2574 eis
1355 2533 1504 2575 adfero
1537 2534 1729 2575 aduentu
1759 2547 1867 2575 meo.

375 2604 555 2654 Quando
589 2619 755 2646 mecum
788 2606 953 2658 pariter
984 2608 1150 2657 potant,
1182 2605 1349 2658 paritor
1381 2605 1564 2646 scortari
1597 2605 1751 2656 solent,

465 2774 529 2806 249
556 2773 665 2806 abisti
759 2774 823 2807 253
848 2776 885 2806 te
908 2773 1042 2816 recipis
1132 2775 1198 2807 257
1224 2773 1400 2807 amittunt
1490 2775 1557 2807 258
1582 2784 1718 2807 cornex
1743 2775 1798 2806 est
1823 2772 1867 2806 ab

374 2840 483 2872 porro
578 2831 640 2863 261
669 2829 822 2872 augurio
849 2830 1001 2873 auspicii
1096 2831 1162 2863 264
1187 2830 1284 2873 quod
1310 2830 1384 2864 illic
1410 2830 1646 2864 obsceruauit
