1926 3275
233 313 315 352 420
893 309 1075 344 Asinaria.

236 438 292 487 (in
322 439 353 476 B
385 439 432 477 ab
463 439 576 476 initio
620 437 771 489 „poda“
816 439 965 486 fuerat,
1008 451 1139 476 errore
1177 451 1257 476 non
1296 435 1424 486 raro),
1464 452 1544 476 non
1584 439 1730 476 iniuria

232 507 395 554 Mulier,
435 507 593 545 Nachtr.
634 507 806 558 p.‚121‚
846 507 1058 544 ablativum
1098 507 1297 557 postulat,
1340 519 1430 543 nam
1470 505 1593 544 Stich.
1627 508 1727 545 702:

239 575 362 623 7.Uide
395 579 490 625 quot
521 575 683 623 cyathos
713 573 906 612 bibimus“
943 575 1051 612 aliud
1083 578 1158 622 est,
1200 574 1386 624 quoniam
1424 574 1587 623 cyathus
1626 587 1730 611 men-

233 657 363 681 suram
394 643 553 681 indicat.
614 642 670 680 Cf.
704 642 823 680 Stich.
858 644 958 680 726:
995 642 1109 690 ·„Uno
1143 642 1328 680 cantharo
1360 640 1539 692 potare“.
1601 641 1728 680 Oasin.

237 714 334 749 863:
387 712 464 758 „Ut
507 724 625 749 senex
668 711 740 748 hoc
780 711 918 749 eodem
957 711 1119 760 poculo,
1161 724 1238 760 quo
1280 723 1350 761 ego
1389 710 1492 757 bibi,
1532 708 1728 748 biberet“.

234 779 309 817 Sed
340 780 372 816 si
393 776 544 828 poculo
575 779 612 816 h.
641 779 664 816 l.
699 780 890 829 scriptum
921 779 1009 826 fuit,
1044 779 1162 816 etiam
1193 789 1276 816 imo
1307 778 1556 816 scribendum
1581 782 1651 816 est.
1677 799 1732 803 —

236 849 328 885 765.
362 847 441 886 Ubi
470 851 533 895 tu,
568 848 708 897 inquit,
742 848 924 897 poculum
957 847 1244 897 propinaveris,
1282 847 1350 884 abs
1380 850 1419 884 te
1452 847 1635 897 accipiat;
1666 847 1733 884 ubi

234 917 320 966 ipsa
350 916 588 966 principium
618 915 770 962 fecerit,
804 915 876 952 tibi
907 916 1054 963 tradat,
1087 919 1133 952 ut
1163 928 1233 953 nec
1256 915 1345 965 plus
1369 928 1440 953 nec
1463 916 1590 953 minus
1615 929 1731 965 quam

234 988 279 1021 tu
309 984 380 1022 illa
410 984 533 1031 bibat,
566 997 635 1021 nec
665 984 754 1034 plus
785 987 854 1021 aut
884 984 1012 1021 minus
1045 996 1161 1033 quam
1191 986 1235 1020 tu
1261 980 1404 1032 sapiat
1425 987 1502 1021 aut·
1516 983 1731 1034 intelligat3

235 1066 323 1089 nam
361 1052 611 1102 propinando
651 1053 822 1089 convivae
862 1053 981 1089 animi
1019 1051 1183 1089 affectus
1225 1051 1298 1089 sibi
1337 1051 1630 1102 significabant,
1663 1065 1733 1089 nec

235 1134 326 1158 raro
358 1134 430 1170 per
460 1121 603 1170 pocula
634 1121 779 1158 amoris
810 1120 945 1158 furtivi
974 1119 1132 1158 vincula
1155 1119 1445 1170 quaerebantur,
1470 1124 1515 1158 ut
1538 1134 1599 1171 ap.
1618 1119 1731 1158 Ovid.

236 1189 370 1226 Amor.
403 1189 438 1236 Ι,
473 1190 517 1235 4,
553 1190 599 1226 31
636 1202 693 1239 sq.
760 1188 889 1235 „Quae
928 1192 972 1226 tu
1009 1187 1246 1235 reddideris,
1289 1200 1361 1237 ego
1402 1189 1552 1239 primus
1591 1188 1734 1239 pocula

236 1271 399 1304 sumam,
433 1261 472 1294 et
502 1270 580 1306 qua
610 1260 654 1294 tu
684 1256 849 1303 biberis,
882 1256 954 1294 hac
986 1269 1056 1306 ego
1086 1260 1199 1307 parte
1228 1254 1399 1294 bibam“.
1461 1256 1537 1294 Sed
1567 1256 1733 1294 ridicule

236 1326 311 1363 1100
348 1326 433 1363 1000
471 1335 618 1374 sapere
656 1326 834 1374 ponitur,
876 1325 988 1374 quasi
1035 1325 1249 1375 sapientem
1287 1326 1422 1363 vinum
1462 1325 1592 1362 faciat.
1653 1324 1735 1361 Nec

238 1407 282 1431 eo
328 1395 455 1431 minus
502 1392 660 1442 stupido
709 1393 951 1431 adulescenti
996 1393 1138 1443 placet.
1178 1413 1234 1417 —
1274 1390 1343 1431 ted
1379 1396 1417 1431 et
1446 1392 1477 1430 B
1514 1395 1652 1430 tuetur
1697 1395 1736 1430 et

237 1466 457 1500 ceterorum
505 1475 615 1499 error
660 1460 853 1508 ‚,adstet“.
893 1482 949 1486 —
990 1463 1082 1499 766.
1116 1462 1250 1499 Prima
1291 1461 1453 1512 dipodia
1494 1463 1649 1498 constat
1689 1474 1736 1498 ex

238 1530 395 1580 dactylo
443 1533 480 1567 et
524 1529 673 1576 iamb03
715 1530 774 1568 Fl.
807 1533 979 1580 transp.:
1026 1530 1107 1577 „Ne
1146 1530 1274 1567 minus
1312 1527 1427 1577 illa“;
1466 1528 1611 1566 Muller
1654 1528 1736 1576 „Ne

237 1597 372 1636 illaec“
409 1602 477 1636 aut
513 1598 593 1645 „Ne
624 1598 688 1636 illa
725 1596 828 1646 [aut]
862 1599 988 1635 minus
1028 1595 1119 1635 aut“
1164 1597 1379 1644 scribebat,
1423 1597 1530 1648 quod
1568 1597 1736 1635 fortasse

238 1668 360 1717 recipi
393 1666 522 1704 debet.

353 1736 447 1772 768.
494 1736 597 1773 Ante
643 1733 800 1774 howm'm'
844 1736 995 1783 hiatus3
1048 1735 1106 1772 Fl.
1160 1732 1371 1785 „usquam“
1423 1733 1614 1780 addebat3
1670 1733 1737 1771 alii

239 1803 569 1853 transponebant:
617 1805 739 1854 „pede
777 1805 926 1842 homini
964 1803 1105 1854 pedem
1144 1801 1339 1854 premat‘ss
1390 1802 1496 1853 quod
1539 1801 1738 1853 improbat

240 1872 368 1909 Luchs
407 1872 447 1908 in
487 1872 746 1910 Studemundi
778 1872 926 1910 Studiis
956 1872 993 1919 Ι,
1026 1887 1063 1923 p.
1099 1874 1163 1910 22.
1196 1892 1252 1896 —
1283 1868 1431 1921 Neque
1468 1884 1540 1920 pro
1587 1868 1732 1918 „neue“

240 1941 409 1989 positum
441 1954 518 1978 11011
550 1942 685 1990 paucis
718 1941 904 1991 exemplis
938 1940 1164 1978 defenditur
1195 1954 1229 1977 v.
1258 1939 1389 1977 Holtz.
1424 1939 1584 1988 Syntax.
1617 1940 1735 1989 prisc.

241 2008 325 2045 Lat.
365 2021 401 2057 p.
438 2009 528 2045 326.
568 2029 623 2033 -—
663 2008 774 2055 Quod
822 2009 869 2045 ad
915 2009 1217 2058 intelligendum
1262 2008 1364 2045 hunc
1410 2008 1537 2044 locum
1579 2007 1735 2054 attinet,

242 2076 406 2113 cenandi
437 2077 538 2113 ratio
570 2090 648 2114 non
681 2090 723 2114 ea
759 2081 827 2124 est,
862 2090 946 2127 quae
980 2078 1199 2126 antiquitus
1230 2076 1350 2114 fuisse
1382 2076 1536 2122 dicitur,
1571 2078 1615 2112 ut
1643 2074 1737 2112 viris

241 2144 473 2181 cubantibus
513 2145 665 2182 feminae
705 2145 886 2183 sederent
928 2144 1072 2193 (Valer.
1105 2145 1211 2183 Max,
1245 2145 1302 2192 II,
1341 2146 1380 2192 1,
1415 2141 1471 2191 2).
1532 2143 1631 2181 Nam
1671 2142 1738 2192 qui

241 2214 459 2261 posteriore
504 2216 680 2264 tempore
726 2215 842 2251 etiam
889 2218 1161 2252 matronarum
1201 2225 1284 2250 mos
1324 2213 1401 2250 fuit
1449 2210 1736 2260 (Friedlander.

241 2279 594 2331 Sittengeschichte
624 2282 744 2319 Roms
776 2282 815 2329 Ι,
846 2296 883 2332 p.
919 2279 1031 2329 285),
1064 2286 1108 2319 ut
1145 2295 1230 2319 cum
1262 2281 1357 2319 viris
1389 2280 1673 2327 accumberent,
1706 2280 1738 2316 is

242 2349 350 2386 nullo
389 2362 466 2386 non
503 2353 680 2400 tempore
719 2351 967 2388 meretricum
1008 2364 1091 2388 esse
1129 2351 1277 2400 potuit,
1319 2351 1454 2399 itaque
1492 2349 1555 2386 hio
1592 2348 1738 2386 factum

243 2430 325 2454 esse
364 2418 537 2455 ostendit
574 2433 608 2456 v.
645 2420 736 2457 823.
799 2419 1029 2456 Triclinium
1070 2418 1182 2456 nobis
1222 2418 1475 2456 informemus
1515 2417 1643 2454 animo
1685 2417 1738 2453 eis

244 2486 383 2532 simile,
418 2500 502 2536 quae
533 2488 573 2523 in
604 2487 731 2524 hortis
764 2487 997 2537 quibusdam
1024 2487 1273 2536 Pompeianis
1307 2487 1615 2536 conspiciuntur,
1647 2484 1739 2522 Phi-

244 2553 437 2603 laenioque
476 2568 552 2592 non
589 2555 763 2593 infimum
798 2556 969 2593 omnium
1003 2559 1041 2593 et
1072 2559 1291 2592 extremum
1323 2556 1449 2592 locum
1483 2554 1638 2601 demus,
1671 2553 1740 2590 sed

244 2621 283 2656 in
314 2621 443 2659 medio
475 2623 576 2660 lecto
610 2637 693 2661 cum
727 2627 900 2661 amatore
932 2624 1185 2662 accubantem
1218 2622 1422 2673 fingamus.
1483 2622 1580 2660 Inde
1611 2624 1644 2660 si
1675 2635 1738 2659 ne-

246 2701 351 2725 cesse
390 2690 507 2727 fuerit
546 2692 579 2727 ei
618 2695 661 2729 ut
701 2691 866 2729 exeundi
899 2705 1011 2730 causa
1045 2695 1200 2741 surgat,
1234 2692 1318 2729 fieri
1350 2705 1429 2730 non
1459 2694 1610 2741 potest,
1644 2691 1739 2740 quin

246 2760 391 2806 praeter
423 2758 517 2795 alios
550 2760 732 2796 convivas
763 2763 951 2807 transcat,
984 2773 1061 2809 qua
1088 2762 1290 2798 occasione
1315 2773 1363 2797 ne
1388 2760 1547 2797 alterius
1570 2758 1740 2796 hominis

245 2823 382 2873 pedem
416 2839 486 2862 suo
518 2826 617 2875 pede
648 2830 785 2874 tangat
827 2825 885 2874 (ut
919 2831 1074 2865 amator
1106 2829 1169 2865 ille
1203 2828 1420 2866 Ovidianus
1451 2828 1536 2865 Art.
1569 2827 1604 2873 I,
1640 2823 1737 2873 606)
