1926 3275
269 304 292 342 3
299 303 351 342 78
929 299 1112 334 Asinaria.

268 442 354 478 quae
386 429 418 465 si
448 442 527 466 non
559 428 635 465 sibi
667 427 894 475 succedunt,
927 428 997 465 sed
1027 429 1162 466 iuncta
1191 428 1461 476 inveniuntur,
1488 442 1561 478 pro
1585 431 1771 479 portento

267 496 493 533 habendum
524 499 594 542 est,
627 497 902 545 gravissimum
933 495 1115 533 morbum
1144 495 1358 533 indicante.
1389 516 1446 522 —
1477 497 1572 534 287.
1607 494 1772 545 quando

267 565 344 601 iam
382 563 554 602 secunda
591 576 708 600 manu
746 564 786 600 in
817 563 848 600 B
880 563 1107 614 suppletum
1139 577 1187 601 ex
1216 563 1344 601 Nonio
1375 577 1415 613 p.
1448 564 1550 601 412:
1587 564 1770 614 „quando

266 632 384 669 sudat
416 632 484 681 qui
514 629 689 668 tremit“.
723 651 778 656 —
812 632 906 669 288.
942 641 1148 678 concesso,
1180 632 1206 668 i.
1240 644 1272 668 e.
1306 644 1426 678 cesso,
1460 631 1507 669 cf.
1534 631 1640 669 Poen.
1668 632 1769 669 218:

272 712 509 748 „numquam
551 711 822 736 concessamus
862 697 1029 737 lauari“.
1091 698 1264 736 Pedibus
1303 713 1344 736 se
1385 700 1441 736 ait
1480 712 1649 746 cessare,
1689 701 1772 737 sive

266 767 423 804 tardum
449 780 543 813 esse,
570 767 706 814 lingua
729 767 1029 816 promptiorem.
1076 767 1218 804 Bosius
1254 780 1367 814 „cum
1394 765 1526 804 cesso“
1562 767 1770 813 scribebat,

265 831 422 884 lcmyz'or
450 848 523 884 pro
555 835 676 871 verbo
718 835 933 885 accipiens,
969 835 1080 884 quasi
1116 835 1272 884 „largus
1303 834 1428 882 sum‘²,
1463 835 1533 872 sed
1562 835 1774 872 transitiva

265 902 377 940 verbi
407 903 465 939 vis
497 906 568 940 est.
600 922 656 926 —
688 903 783 941 289.
817 899 979 950 lacerat,
1011 902 1155 953 perdit,
1190 902 1237 940 cf.
1264 902 1386 940 Stich.
1416 903 1517 939 454:
1556 903 1676 949 „mihi
1701 915 1771 950 ego

264 971 368 1008 hunc
398 971 532 1008 lacero
562 968 706 1007 diem“.
753 971 882 1019 Vulgo
909 971 1067 1018 dicitur,
1092 974 1136 1008 ut
1153 969 1240 1008 Cas.
1269 972 1368 1009 543:
1407 971 1602 1017 „contriui
1627 968 1769 1008 diem“.

265 1038 476 1084 Quaesitius
493 1038 598 1076 Men.
615 1040 713 1076 152:
737 1039 1035 1085 „comburamus
1054 1037 1199 1076 diem“.
1226 1038 1462 1077 Stich.437:
1487 1038 1615 1085 „diem
1633 1052 1769 1076 excru-

265 1104 463 1145 ciaver0‘⁴.
496 1106 633 1144 Horat.
653 1106 723 1144 Od.
741 1107 791 1153 II,
812 1109 848 1154 7,
869 1109 912 1143 7:
937 1107 1073 1157 „Saepe
1091 1106 1194 1144 diem
1211 1120 1318 1144 mero
1336 1104 1477 1156 fregi“.
1490 1126 1547 1131 --
1564 1107 1659 1144 290,
1677 1106 1772 1143 Post

264 1172 474 1212 homiuem
504 1175 654 1222 hiatus;
686 1175 746 1212 Fl.
778 1175 889 1221 „Heu
915 1172 1079 1224 edepol“
1111 1175 1170 1212 ed.
1219 1175 1333 1220 Quod
1348 1175 1544 1212 Leonidas
1569 1174 1644 1212 sibi
1669 1174 1769 1212 dixit

264 1244 439 1292 linguam
472 1243 807 1293 comprimendam
841 1256 923 1280 esse
958 1241 1022 1290 (cf.
1047 1243 1131 1280 Mil.
1163 1244 1261 1280 572:
1301 1243 1501 1291 „linguam
1534 1243 1770 1293 comprimes

264 1309 451 1360 posthac“
495 1309 583 1358 al.),
624 1311 799 1348 Libanus
833 1312 968 1348 servili
1007 1311 1251 1348 scurrilitate
1289 1312 1330 1348 in
1370 1311 1580 1349 obscenam
1617 1314 1771 1360 partem

264 1379 477 1429 detorquet
516 1379 758 1429 linguaeque,
793 1392 879 1428 quae
909 1383 1082 1428 patrona
1113 1380 1196 1416 eius
1228 1380 1298 1425 sit,
1334 1380 1482 1429 quippe
1514 1380 1624 1416 cuius
1655 1380 1771 1416 unius

264 1461 386 1496 opera
417 1447 546 1484 salvus
578 1461 663 1484 esse
694 1448 832 1496 possit,
866 1447 944 1484 vim
977 1447 1217 1484 afferendam
1249 1461 1335 1485 esse
1366 1450 1498 1495 negat.
1546 1447 1702 1495 Lingua
1731 1460 1771 1484 se

265 1515 519 1552 defendentes
551 1515 673 1552 malos
704 1515 882 1552 homines
914 1528 1017 1564 saepe
1049 1515 1277 1564 producunt
1306 1517 1446 1565 poetae.
1494 1515 1555 1552 Ab
1579 1516 1626 1552 iis
1652 1516 1770 1552 etiam

262 1585 507 1634 γλώσσασπις
538 1582 745 1620 dicebatur
777 1583 795 1617 ὃ
826 1585 866 1630 τῇ
897 1584 1050 1632 γλώσσῃ
1083 1584 1192 1630 ὁποίᾳ
1224 1586 1283 1620 καί
1307 1599 1374 1620 τινι
1400 1583 1560 1632 προβολῇ
1584 1584 1771 1632 χρώμενος

263 1654 321 1689 διὰ
351 1654 390 1690 τὸ
423 1653 699 1700 στωμύλλεσθαι
734 1652 992 1700 ἀπ’(ιιιδέστερον,
1024 1655 1068 1688 ut
1098 1653 1155 1688 ait
1184 1651 1369 1689 Eustath.
1403 1651 1453 1689 ad
1478 1651 1550 1689 Od.
1575 1651 1645 1698 ΠΙ,
1676 1652 1768 1689 332.

261 1742 318 1746 —
350 1723 443 1758 291.
466 1717 672 1768 perierat,
707 1721 729 1756 i.
764 1733 795 1756 e.
827 1721 1023 1769 periurat,
1056 1720 1227 1768 peierat,
1268 1724 1313 1757 ut
1347 1720 1466 1768 vulgo
1499 1719 1667 1766 dicitur;
1701 1719 1768 1756 sed

263 1790 329 1826 illa
360 1789 484 1826 forma
515 1789 716 1836 antiquior
747 1792 817 1824 cst.
864 1787 987 1824 Extat
1009 1788 1050 1824 in
1078 1787 1189 1825 codd.
1214 1788 1246 1824 Β
1273 1788 1362 1825 etD
1388 1788 1426 1825 h.
1452 1789 1477 1826 l.
1504 1792 1543 1825 et
1559 1788 1674 1825 Truc.
1697 1789 1769 1833 303

263 1858 302 1894 in
342 1857 475 1894 Sticho
515 1857 593 1893 233
627 1856 681 1892 A:
734 1854 1153 1905 „perieratiunculas“.
1214 1856 1259 1893 In
1295 1856 1437 1893 Bacch.
1475 1857 1596 1893 1023.
1649 1856 1769 1893 1035.

263 1925 369 1962 Pcen.
406 1925 511 1961 1246
553 1923 665 1961 codd.
711 1922 964 1973 „periurare“
1007 1924 1173 1971 habent,
1215 1924 1284 1961 sed
1324 1925 1417 1974 quia
1456 1923 1602 1961 vocalis
1640 1923 1770 1960 brevis

264 2000 335 2038 est,
359 1989 576 2040 perforare
607 1990 876 2037 scribendum,
917 2005 953 2028 V.
987 1992 1121 2041 Bugge
1153 1994 1192 2029 in
1225 1992 1441 2029 Tidsskrift
1481 1991 1543 2028 for
1574 1991 1771 2039 Philologi

263 2060 317 2097 VI
350 2057 514 2106 (1865),
548 2073 586 2108 p.
621 2060 657 2105 7,
698 2059 851 2096 Usener
889 2061 929 2096 in
967 2059 1103 2096 Jahrb.
1144 2060 1169 2097 f.
1203 2060 1422 2107 Philologie
1454 2058 1564 2105 XCI,
1603 2072 1642 2108 p.
1676 2059 1770 2095 226.

264 2128 458 2174 Querolus
490 2141 528 2176 p.
566 2128 634 2174 11,
673 2128 721 2163 18
753 2127 908 2177 Peiper.
941 2147 996 2152 —
1029 2128 1122 2165 293.
1157 2124 1357 2174 εἷθσΐίιῖιο,
1390 2128 1415 2164 i.
1449 2140 1481 2164 e.
1515 2126 1687 2173 eliciam,
1728 2130 1771 2162 ut

263 2197 316 2232 ait
341 2195 414 2244 Ep.
440 2195 549 2232 Festi
579 2209 617 2245 p.
647 2196 711 2232 76.
759 2195 815 2232 Cf.
842 2196 963 2233 Merc.
992 2197 1085 2233 220.
1133 2196 1299 2233 Versum
1332 2195 1464 2232 adfert
1486 2194 1588 2232 Non.
1620 2207 1659 2244 p.
1689 2195 1768 2231 232

264 2277 293 2300 S.
326 2277 361 2300 v,
395 2262 619 2300 advorsum.

381 2332 458 2367 295
492 2344 548 2379 sq.
595 2330 854 2368 Delectantur
901 2333 1003 2368 servi
1049 2345 1089 2368 se
1135 2332 1212 2381 ipsi
1256 2331 1504 2381 gravissimis
1550 2330 1771 2367 maledictis

265 2398 515 2448 alloquendo,
550 2399 683 2447 qualia
714 2398 762 2435 ab
795 2399 882 2436 aliis
914 2399 1053 2437 audire
1085 2400 1278 2437 solebant.
1339 2395 1616 2449 Gymnasium
1645 2393 1772 2446 flccgy'ri

265 2470 325 2503 est
363 2467 431 2503 ubi
468 2466 623 2514 flagella
661 2470 912 2514 exercentur,
954 2467 1000 2504 cf.
1033 2467 1121 2504 Aul.
1156 2469 1260 2505 400:
1306 2469 1387 2513 „ita
1426 2480 1487 2503 me
1523 2467 1600 2502 iste
1631 2464 1771 2502 habuit

264 2548 382 2571 senex
412 2532 699 2584 gymnasiu1n“.
767 2530 916 2572 Custos
948 2533 1139 2583 Carceris,
1174 2537 1241 2585 qui
1273 2548 1468 2572 carcerem
1499 2538 1646 2580 tenere,
1679 2534 1704 2570 i.
1738 2546 1769 2570 e.

265 2615 380 2651 quem
419 2615 550 2639 carcer
587 2605 721 2639 tenere
764 2603 880 2649 solet,
925 2604 972 2641 cf.
1006 2603 1116 2653 Capt.
1152 2604 1251 2641 644:
1291 2602 1420 2650 „Quid
1451 2603 1634 2648 cessatis,
1667 2613 1771 2638 com-

266 2669 398 2717 pedes,
431 2669 598 2707 Currere
625 2670 674 2707 ad
698 2684 757 2707 me
781 2684 945 2720 meaque
971 2672 1154 2720 amplecti
1179 2685 1304 2718 crura,
1330 2675 1376 2708 ut
1398 2683 1468 2707 uos
1494 2666 1766 2708 custodiam?“

266 2756 310 2760 -·
359 2732 609 2775 Catenarum
649 2735 788 2775 colone
835 2737 967 2786 (affert
996 2739 1096 2776 Non.
1137 2753 1175 2789 p.
1210 2737 1330 2786 250),
1374 2740 1399 2776 i.
1433 2752 1466 2775 e.
1507 2738 1574 2787 qui
1614 2740 1771 2774 catenas

267 2804 405 2841 incolis
437 2805 499 2842 vel
530 2805 739 2842 inhabitas.
802 2807 835 2842 A
867 2807 1033 2843 coloniis
1065 2807 1330 2845 Romanorum
1371 2820 1452 2844 non
1483 2819 1573 2843 raro
1605 2805 1771 2842 Plautus

266 2872 542 2909 similitudines
582 2875 702 2922 petit,
745 2874 792 2912 cf.
826 2874 914 2911 Aul.
951 2875 1043 2911 566.
1090 2875 1208 2925 Epid.
1244 2876 1336 2912 339.
1383 2873 1526 2912 Pseud.
1564 2874 1683 2911 1100.
1716 2892 1773 2897 —
