1926 3275
784 293 1061 338 prolegomena.
1187 321 1194 327 .
1593 300 1671 338 211

286 417 332 459 E
358 425 512 458 constat
541 423 582 458 in
611 421 779 459 flexione
810 424 1011 460 nominum
1044 426 1083 459 et
1114 422 1400 459 adiectivorum
1430 423 1472 459 in
1503 434 1547 461 er
1571 424 1673 460 desi-

171 491 350 526 nentium
381 489 639 527 antecedente
664 495 772 527 muta
796 491 977 528 excidere
1001 491 1140 536 solere,
1166 504 1238 527 nec
1261 495 1392 527 tamen
1415 492 1456 527 in
1481 491 1671 529 omnibus.

172 557 285 603 Quod
317 558 365 594 ad
395 557 581 594 Plautum
612 559 771 605 attinet,
805 559 886 596 fere
917 572 1071 608 semper
1103 556 1273 596 dextera
1312 558 1515 605 scribitur,
1549 573 1673 609 eaque

170 625 296 662 forma
334 626 579 662 restituenda
618 630 678 663 est
706 627 848 676 Amph.
883 628 976 664 916.
1011 627 1122 664 Cure.
1158 628 1259 673 3393
1306 626 1534 673 „dextram“
1579 641 1672 664 vero

171 693 282 731 Cure.
317 694 410 740 307,
448 692 655 740 „dextras“
690 694 812 732 Mero.
840 696 931 741 954,
970 693 1318 741 „dextrouorsum“
1355 696 1511 745 saepius.
1558 695 1672 732 Simi-

169 761 263 798 liter
285 760 330 798 fit
352 763 393 798 in
416 775 499 799 voc.
525 775 561 811 q.
583 776 614 799 e.
641 759 757 808 alter,
790 776 880 799 nam
917 761 1108 809 ‚,altrum⁴‘
1144 763 1482 811 pronuntiandum
1512 763 1672 801 videtur

170 829 282 878 Capt.
316 831 351 876 8,
389 828 538 876 „altra“
574 830 681 867 Pers.
716 832 808 868 227.

283 897 341 934 De
387 898 580 947 aphaeresi
623 899 771 935 vocalis
816 900 856 935 in
901 899 1036 935 formis
1083 899 1164 945 est,
1213 908 1275 945 68,
1323 912 1443 948 supra
1489 900 1668 938 diximus.

168 965 242 1002 Hic
274 979 367 1003 vero
401 967 741 1003 commemoranda
774 971 831 1004 est
862 970 954 1004 nota
986 967 1054 1003 illa
1085 980 1257 1015 syncope
1283 968 1322 1003 in
1348 969 1559 1015 praeteritis
1585 982 1669 1005 ver-

168 1032 318 1080 borum,
351 1034 420 1070 ubi
448 1032 466 1071 i
495 1035 598 1071 inter
628 1034 705 1071 duo
731 1045 752 1072 8
779 1036 989 1081 omittitur,
1023 1034 1131 1071 velut
1158 1035 1267 1080 dixti,
1302 1034 1425 1081 duxti,
1458 1036 1668 1083 intellexti,

168 1102 313 1147 vinxti,
343 1102 490 1151 pinxti,
525 1104 718 1148 emunxti,
750 1104 959 1150 instruxti,
991 1103 1116 1149 vexti,
1150 1104 1298 1152 spexti,
1331 1104 1457 1150 misti,
1499 1104 1667 1151 discesti,

169 1169 352 1216 occlusti,
392 1171 589 1218 inmersti,
630 1173 806 1220 scripsti,
848 1172 1022 1220 accepsti
1061 1171 1129 1217 aL,
1169 1175 1363 1220 praeterea
1402 1172 1511 1218 dixe,
1554 1172 1667 1219 duxe,

166 1250 276 1284 vexe,
308 1241 432 1285 traxe,
465 1252 595 1288 spexe‚
628 1239 770 1286 inlexe,
803 1240 1003 1285 intellexe,
1037 1239 1217 1285 admisse,
1251 1239 1339 1276 alia.

281 1305 499 1355 Singularis
532 1308 711 1356 quaedam
736 1321 904 1357 syncope
930 1307 975 1343 fit
1000 1308 1041 1344 in
1064 1320 1149 1344 voe.
1175 1321 1212 1356 q.
1238 1321 1270 1345 e.
1309 1306 1531 1355 „satietas‘'',
1564 1309 1668 1345 unde

172 1372 338 1420 „satias“
373 1374 431 1411 fit.
490 1375 554 1412 Ad
593 1376 665 1413 hoc
698 1376 919 1425 exemplum
951 1376 1123 1412 arbitror
1155 1377 1274 1412 etiam
1311 1375 1558 1424 „pudiciam“
1593 1390 1667 1426 pro

171 1441 449 1491 „pudicitiam“
477 1445 779 1493 pronuntiatum
805 1458 889 1481 esse
905 1444 1046 1492 Amph.
1068 1445 1161 1481 923.
1184 1444 1256 1492 Ep.
1277 1444 1355 1481 401
1377 1447 1415 1480 et
1437 1443 1662 1490 „amiciam“

165 1509 287 1547 Mero.
307 1511 386 1548 834
406 1508 594 1558 („Vitam,
615 1513 838 1559 amicitiam,
866 1513 1079 1557 ciuitatem,
1104 1512 1291 1558 laetitiam,
1317 1511 1464 1558 ludum,
1490 1511 1666 1559 iocum‘')

167 1581 206 1614 et
255 1578 491 1624 „inimicias“
542 1579 648 1617 Pers.
683 1581 762 1617 354
815 1578 949 1627 (.,Non
995 1580 1083 1629 ego,
1110 1581 1336 1616 inimicitias
1377 1581 1500 1617 omnis
1540 1581 1667 1630 pluris

165 1645 393 1694 aestumffl).
437 1647 582 1684 Saltem
601 1648 788 1685 Horatius
820 1650 874 1685 sic
911 1647 1152 1698 „puel-tiam*
1189 1661 1261 1696 pro
1298 1648 1518 1696 „pueritia³⁴
1547 1649 1666 1696 Od.I,

167 1717 231 1762 36,
253 1717 296 1762 83
329 1730 398 1753 nec
429 1716 554 1754 multo
581 1717 697 1753 aliter
725 1715 974 1762 „infelicenff‘
1004 1716 1134 1754 Plaut.
1152 1717 1273 1753 Merc.
1295 1717 1388 1753 427.
1436 1716 1667 1766 Spengelius

165 1783 325 1832 quidem
356 1784 501 1833 aliique
526 1788 565 1821 et
590 1785 629 1821 in
653 1798 737 1821 voc.
765 1798 800 1833 q.
827 1798 858 1821 e.
885 1784 1078 1833 pudicitia
1103 1788 1141 1821 et
1172 1786 1213 1821 in
1244 1785 1331 1821 aliis
1363 1785 1498 1821 multis
1529 1787 1666 1833 primae

165 1851 324 1900 syllabae
363 1853 538 1889 vocalem
576 1866 744 1902 syncope
783 1853 976 1889 sublatam
1014 1857 1225 1902 putarunt,
1266 1853 1321 1888 ita
1351 1856 1394 1888 ut
1426 1867 1499 1902 pro
1531 1867 1665 1890 mono-

164 1919 325 1968 syllabis
365 1924 493 1957 essent
529 1920 669 1969 pudet,
710 1922 837 1969 piget,
878 1921 1005 1967 lubet,
1047 1921 1178 1966 decet,
1219 1920 1343 1969 apud,
1384 1924 1535 1966 tamen,
1569 1923 1664 1967 sine,

163 1988 309 2034 malus,
342 1987 488 2034 bonus,
522 1988 634 2034 male,
668 1989 779 2034 bene,
812 2002 962 2034 manue,
997 1988 1146 2034 domuS,
1183 2002 1283 2034 erus,
1317 2001 1469 2036 parum,
1502 2002 1663 2036 merum,

163 2069 292 2102 senex,
325 2056 471 2101 colunt,
505 2056 652 2103 dolent,
687 2057 813 2102 dolus,
847 2057 974 2101 velim,
1007 2057 1158 2102 volunt,
1190 2056 1311 2101 voles,
1343 2056 1538 2105 voluptas,
1566 2057 1663 2103 alia3

163 2124 269 2172 quod
300 2124 396 2160 mihi
421 2124 580 2172 quidem
606 2138 691 2161 cum
710 2125 879 2161 Mullero
913 2125 1078 2173 aliisque
1110 2137 1271 2172 prorsus
1296 2124 1530 2161 incredibile
1556 2125 1663 2161 vide-

161 2195 244 2238 tur,
277 2205 348 2228 nec
380 2191 487 2228 aliud
518 2192 581 2229 hic
612 2192 759 2229 factum
791 2206 873 2229 esse
905 2196 1087 2241 putamus
1119 2205 1236 2241 quam
1278 2196 1499 2241 correptam
1532 2196 1662 2241 poste-

161 2259 306 2295 riorem
352 2259 542 2308 syllabam
587 2259 649 2296 vel
693 2265 860 2310 propter
904 2260 1142 2297 brevitatem
1183 2261 1324 2308 prioris
1364 2260 1428 2296 vel
1465 2261 1662 2309 positione

160 2326 350 2375 neglecta.

895 2418 932 2454 4.

547 2507 614 2542 De
647 2506 984 2542 contrahendis
1017 2507 1276 2544 vocalibus.

273 2596 495 2633 Priscianus
534 2610 570 2646 p.
608 2598 711 2635 1322
744 2597 786 2635 P.
819 2612 864 2628 Ξ
893 2598 948 2644 II,
983 2599 1060 2635 421
1096 2599 1197 2636 Keil.
1232 2600 1399 2636 comicos
1439 2600 1493 2635 ait
1525 2612 1657 2636 omnes

161 2664 308 2701 crebris
340 2665 577 2715 synaloephis
609 2669 647 2702 et
679 2665 983 2714 cpisynaloephis
1024 2669 1062 2702 et
1099 2667 1368 2704 collisionibus
1399 2670 1438 2703 et
1470 2666 1657 2704 abiectio-

159 2732 275 2770 nibus
306 2743 327 2770 8
357 2733 500 2770 litterae
539 2747 619 2770 esse
657 2747 749 2771 usos
781 2733 1003 2771 scandendo
1035 2747 1170 2772 versus
1201 2748 1304 2772 suos.
1364 2734 1422 2771 De
1454 2735 1606 2771 abiecta
1636 2744 1657 2771 3

158 2800 293 2838 littera
317 2801 484 2838 diximus
511 2799 566 2850 (p.
592 2802 704 2847 200),
739 2802 786 2839 de
812 2802 1049 2851 synaloephis
1079 2803 1142 2840 vel
1175 2804 1511 2841 contractionibus
1542 2816 1654 2839 voca-

158 2867 253 2904 lium
284 2869 361 2905 iam
393 2869 577 2907 dicemus.

1319 2946 1381 2978 14*
