1926 3275
738 307 775 342 V.
805 308 1038 341 1040—1051.
1559 309 1640 347 335

135 446 174 480 et
203 441 377 479 tumultu
408 440 511 476 alter
541 438 709 475 alterum
739 451 812 486 pro
843 437 992 474 moecho
1026 434 1271 484 aggreditur.
1325 434 1502 471 Tertium
1532 434 1640 482 frag-

134 514 311 548 mentum
345 506 396 555 (v.
423 504 547 553 1048)
581 510 715 543 utrum
745 510 852 542 recte
883 505 985 542 hunc
1015 504 1145 541 locum
1178 503 1371 549 obtineat,
1406 516 1455 539 an
1486 502 1642 540 duobus

135 578 272 615 alteris
304 574 619 625 anteponendum
651 575 713 620 sit,
748 573 959 610 decernere
990 585 1068 609 non
1101 571 1239 608 audeo.
1289 570 1530 620 Septenariis
1561 574 1642 606 tro·

135 646 279 682 chaicis
297 645 431 681 omnia
447 644 596 692 scripta
613 645 717 679 sunt.
742 662 799 668 ’-
826 641 946 678 1045.
977 636 1114 688 furem
1130 639 1295 686 Nonius,
1322 640 1390 688 qui
1415 641 1641 675 contextum

135 727 249 751 nosse
281 716 458 762 poterat,
501 710 693 747 moechum
724 709 925 757 intelligit.
957 729 1014 732 —
1045 703 1326 755 Illcme'fhstum
1357 703 1509 756 flagfl'ti,
1549 707 1573 742 i.
1609 720 1640 742 e.

137 781 279 829 fiagitii
311 781 555 825 convictum,
595 780 636 815 in
673 777 824 825 flagitio
856 777 1114 827 deprensum,
1154 776 1201 813 cf.
1236 775 1327 813 Sall.
1362 773 1433 811 Cat
1468 776 1531 821 52,
1568 775 1641 811 36:

141 849 213 896 „de
245 847 464 885 manifestis
496 860 627 884 rerum
659 844 928 895 capitaliun1“.
976 845 1058 893 Iug.
1081 845 1145 890 35,
1174 845 1217 881 8:
1256 843 1510 889 „manifestus
1541 842 1644 879 tanti

136 914 335 954 sceleris“.
383 915 507 952 Tacit.
534 915 582 952 al.
602 914 730 960 Quare
759 915 876 951 etiam
902 912 1007 963 apud
1031 912 1162 949 Plaut.
1181 911 1339 948 Trucul.
1363 912 1460 948 133:
1491 910 1643 957 „Mani-

135 985 276 1021 festam
292 983 481 1029 mendaci,
499 983 613 1029 mala,
634 987 749 1019 teneo
765 980 828 1018 te“
849 981 978 1018 scribo
997 994 1083 1017 cum
1104 980 1244 1017 ceteris
1265 979 1389 1026 codd,
1408 993 1487 1016 non
1506 992 1593 1015 cum
1610 979 1645 1015 A

142 1049 414 1100 „1nanifesto“,
448 1054 487 1088 et
513 1050 651 1087 Bacch.
673 1051 749 1087 691
780 1063 865 1086 cum
892 1048 1087 1085 Gulielmo
1119 1061 1259 1096 „quem
1282 1047 1461 1084 mendaci
1486 1046 1648 1096 prendit

137 1117 427 1165 manifestum“,
460 1119 529 1156 ubi
561 1118 674 1156 codd.
712 1115 996 1164 „manifesto‘²3
1038 1129 1128 1153 nam
1160 1115 1295 1153 tenere
1326 1119 1363 1152 et
1387 1111 1649 1163 prehendere

138 1203 224 1226 cum
254 1188 326 1225 tali
355 1187 537 1237 genetivo
571 1185 675 1235 apud
707 1186 951 1235 antiquiores
983 1185 1094 1233 iungi
1117 1197 1195 1220 non
1219 1183 1415 1220 videntur.
1464 1182 1648 1220 Criminis

138 1258 293 1294 nomine
318 1268 395 1292 non
423 1255 559 1292 addito
583 1252 840 1301 „manifesto“
872 1253 1017 1290 dicitur
1034 1251 1162 1289 Casin.
1183 1253 1277 1289 216.
1297 1251 1391 1288 484.
1424 1251 1529 1288 Men.
1553 1252 1645 1288 549.

137 1325 258 1362 Mei-c.
295 1325 387 1361 720.
434 1322 576 1360 Pseud.
612 1323 705 1359 752.
753 1321 835 1358 Nec
865 1326 999 1358 tamen
1029 1321 1117 1358 ideo
1150 1319 1386 1357 correxerim
1418 1319 1523 1356 Men.
1546 1320 1645 1356 581:

143 1393 247 1441 „Nec
289 1393 415 1440 magis
456 1391 705 1427 manifestum
748 1402 820 1437 ego
861 1389 1059 1426 hominem
1098 1388 1222 1425 111111111
1260 1388 1388 1425 teneri
1428 1385 1552 1425 uidi“.
1592 1407 1649 1411 —

143 1462 263 1499 1047.
298 1456 528 1509 impeditur,
562 1460 586 1495 i.
615 1471 647 1495 e.
673 1458 905 1507 implicauit.
942 1454 1209 1495 tlacxasccurzcm
1241 1453 1389 1503 stupri,
1424 1456 1446 1491 i.
1467 1469 1498 1491 e.
1518 1456 1648 1504 stupri

140 1530 305 1578 copiam,
334 1532 378 1565 ut
393 1527 558 1573 Nonius,
593 1527 721 1576 stupri
747 1526 906 1572 fontem,
940 1529 984 1562 ut
999 1525 1166 1571 Hoffm.;
1200 1525 1342 1561 etenim
1370 1527 1507 1572 stupro
1534 1536 1648 1573 quam

139 1597 305 1634 maxime
338 1596 498 1646 plenum
531 1598 569 1631 et
608 1595 912 1631 contaminatum
941 1593 1130 1630 mcechum
1160 1592 1335 1642 appellat
1368 1593 1408 1628 in
1442 1605 1509 1636 sua
1535 1591 1649 1628 doni«)

142 1665 441 1714 deprehensum.

261 1733 380 1770 1049.
414 1731 498 1768 Hoc
532 1731 814 1778 fragment-um,
849 1729 955 1777 quod
990 1728 1077 1766 edd.
1112 1729 1228 1778 vulgo
1262 1742 1348 1765 cum
1379 1742 1414 1764 v.
1454 1729 1558 1765 1037
1592 1742 1650 1776 sq.

143 1802 398 1850 coniungunt,
418 1799 507 1836 inde
532 1798 793 1848 separandum
819 1811 902 1834 esse
926 1797 1004 1834 iam
1029 1797 1212 1833 vidimus.
1246 1796 1509 1845 Blepharonis
1531 1795 1652 1832 verba.

144 1883 228 1906 esse
253 1868 425 1905 arbitror
442 1867 771 1916 Amphitryonem
792 1865 960 1902 delirare
980 1866 1187 1902 censentis.
1220 1864 1313 1901 Fuit
1332 1877 1453 1913 quum
1469 1867 1650 1913 putarem

145 1937 194 1973 ad
227 1950 311 1973 eam
344 1949 500 1972 scenam
532 1934 737 1971 referenda
777 1947 877 1980 esse,
919 1947 996 1982 qua
1028 1933 1266 1981 Amphitryo
1298 1932 1451 1969 Sosiam
1490 1935 1653 1981 propter

145 2004 399 2041 contumelias
432 2003 508 2039 sibi
541 2017 559 2039 a
594 2003 791 2039 Mercurio
832 2002 963 2037 illatas
1004 2002 1205 2050 increpat,
1246 2000 1312 2037 sed
1354 2000 1463 2036 illam
1496 2013 1652 2036 scenam

143 2073 338 2109 Alcmenae
385 2085 472 2108 cum
518 2072 660 2108 marito
709 2071 905 2119 colloquio
953 2070 1188 2106 anteriorem
1234 2068 1354 2105 fuisse
1407 2072 1524 2116 puto,
1573 2081 1651 2104 non

143 2141 428 2190 posteriorem,
472 2153 557 2175 eam
605 2142 752 2183 autem,
802 2150 879 2186 (1110
925 2137 987 2173 hic
1028 2150 1163 2173 versus
1202 2137 1397 2185 pertinet,
1439 2150 1484 2172 ex
1523 2135 1652 2172 Nonio

145 2210 326 2245 novimus
365 2209 627 2257 posteriorem
665 2207 800 2243 fuisse.
861 2206 989 2252 Quare
1029 2207 1163 2254 potius
1197 2204 1431 2241 crediderim
1470 2204 1533 2240 hic
1565 2203 1651 2240 Ble-

146 2277 359 2325 pharonem
391 2275 652 2312 tumultuanti
668 2275 947 2323 Amphitryoni
979 2273 1060 2310 haec
1093 2273 1251 2309 dixisse.
1287 2269 1492 2321 qnacril‘ccff
1523 2271 1651 2318 codd„

146 2344 251 2394 quod
282 2345 313 2380 si
345 2357 480 2380 verum
505 2343 565 2387 sit,
600 2341 793 2390 significet
822 2337 1092 2387 ‚,deside1·at“;
1126 2340 1193 2377 sed
1220 2341 1312 2389 quia
1337 2339 1429 2376 talis
1456 2338 1650 2387 significa-

144 2413 266 2449 tionis
312 2411 419 2448 nnlla
463 2411 640 2460 exempla
681 2413 917 2459 suppetunt,
960 2408 1080 2445 malui
1120 2422 1206 2444 cum
1245 2407 1426 2445 Acidalio
1467 2404 1653 2456 quaerite

146 2480 328 2526 scribere,
371 2479 449 2515 vid.
485 2479 535 2515 ad
573 2477 690 2516 1037.
724 2498 779 2502 —
815 2478 933 2513 1050.
968 2476 1165 2526 Blepharo
1198 2475 1348 2512 arbiter
1380 2479 1530 2525 captuS,
1564 2480 1653 2512 uter

146 2562 263 2585 verus
296 2547 534 2596 Amphitryo
567 2547 629 2592 sit,
664 2545 872 2582 decernere
904 2558 983 2581 11011
1015 2548 1158 2594 potest,
1192 2557 1227 2581 v.
1260 2544 1353 2592 Arg.
1386 2543 1433 2589 ΙΙ,
1470 2544 1512 2589 83
1560 2543 1651 2579 Am-

146 2615 306 2665 phitryo
338 2615 411 2653 hoc
443 2614 604 2664 indigne
636 2614 724 2650 fert.
789 2612 1036 2659 nos-trorum,
1070 2612 1148 2648 vid.
1182 2625 1217 2649 v,
1252 2613 1288 2648 4.

267 2685 368 2721 1051
404 2698 460 2732 sq.
495 2682 545 2719 ad
576 2681 836 2731 Blepharonis
868 2694 1098 2731 responsum
1130 2681 1352 2729 pertinent,
1391 2692 1490 2716 unus
1521 2682 1653 2715 tamen

146 2752 350 2788 minimum
382 2764 519 2788 versus
552 2750 685 2786 deesse
717 2749 892 2795 videtur,
926 2762 1015 2785 nam
1048 2761 1082 2784 v.
1122 2749 1224 2785 1051
1260 2748 1373 2796 quasi
1404 2760 1476 2796 pro
1509 2760 1652 2796 paren-

148 2819 250 2856 thesi
284 2818 462 2865 additur,
497 2822 535 2855 et
567 2831 643 2867 quo
677 2814 821 2867 *Versae
856 2817 1054 2853 referatur
1093 2815 1373 2852 desideramus
1436 2814 1557 2851 Plana
1592 2827 1653 2850 res

150 2888 211 2933 sit,
247 2888 278 2923 si
311 2887 440 2923 versui
478 2887 580 2923 10:31
615 2886 735 2923 talem
771 2898 925 2923 versum
957 2885 1203 2934 praecessisse
1236 2887 1476 2920 statuamus:
1525 2881 1651 2927 „Nolo
