1926 3275
799 333 1081 378 Prolegomena.
1604 332 1634 374 '1
1642 336 1665 374 9
1672 336 1695 375 5

928 464 963 500 1.

389 565 562 600 Breves
594 565 794 609 syllabae
825 564 954 609 apud
983 565 1208 600 Plautum
1239 563 1502 608 productae.

301 665 344 705 A
375 680 488 704 casus
526 668 626 704 recti
663 668 801 717 primae
842 667 1122 706 declinationis
1155 670 1193 704 et
1222 666 1356 704 neutri
1387 666 1554 716 pluralis
1595 671 1697 704 cete-

187 748 324 772 rarum
349 736 427 772 nisi
458 736 598 773 vitiose
631 749 654 773 a
676 735 824 773 Plauto
848 736 1015 786 produci
1045 748 1123 772 non
1153 736 1332 784 potuisse
1362 734 1534 772 Mullero
1566 735 1696 773 credo.

187 803 320 842 Unum
352 803 591 853 exceperim3
630 817 720 841 nam
758 805 799 841 in
837 804 1063 842 masculinis
1102 803 1325 840 nominibus
1355 804 1494 853 primae
1526 803 1697 840 declina-

187 872 308 909 tionis
340 882 364 909 α
395 871 512 908 finale
549 871 750 909 interdum
788 872 1026 921 productum
1064 871 1240 919 videtur,
1279 874 1325 909 ut
1359 869 1517 918 „Sosia“
1552 872 1696 922 Amph.

189 940 284 977 434.
319 940 424 986 435,
461 937 723 986 „Antidama“
759 940 866 978 Poen.
902 941 1003 988 958,
1036 953 1127 977 nam
1157 939 1412 987 Antidamas,
1446 939 1552 989 quod
1583 940 1696 977 codd.

187 1007 385 1059 praebent,
431 1006 618 1044 Plautina
664 1008 791 1045 forma
838 1021 917 1046 non
963 1008 1135 1046 videtur.
1203 1007 1429 1055 „Leonida“
1472 1009 1582 1046 Asin.
1617 1010 1695 1046 733

187 1077 393 1114 vocativus
424 1079 496 1113 est.

302 1139 547 1182 Ablativum
579 1141 714 1182 tertiae
746 1140 1054 1192 declinationis,
1089 1144 1160 1181 ubi
1189 1145 1232 1181 in
1264 1155 1284 1182 e
1315 1144 1489 1191 desinat,
1523 1143 1696 1192 brevem,

187 1211 256 1250 ubi
279 1212 320 1249 in
342 1209 370 1259 i,
402 1212 561 1261 longam
583 1212 760 1249 vocalem
783 1212 943 1260 habere,
977 1213 1017 1249 in
1042 1212 1177 1250 multis
1203 1216 1336 1250 autem
1362 1212 1527 1250 vocibus
1549 1216 1697 1250 utram-

189 1293 264 1330 que
294 1280 463 1317 formam
484 1280 526 1317 in
548 1293 623 1318 usu
645 1280 777 1328 fuisse,
804 1284 972 1319 constat.
1020 1281 1155 1318 Plauti
1182 1284 1300 1318 aetate
1326 1280 1408 1318 haec
1432 1281 1699 1319 inconstantia

187 1349 229 1386 in
266 1349 391 1386 multo
429 1348 631 1397 pluribus,
671 1362 720 1386 ne
751 1348 879 1386 dicam
910 1349 951 1386 in
983 1349 1185 1395 omnibus,
1225 1362 1411 1399 regnasse
1449 1349 1628 1397 videtur,
1660 1363 1696 1387 v.

186 1416 401 1463 Biicheler,
434 1415 525 1453 Lat.
558 1416 813 1455 Declination
843 1431 882 1467 p.
918 1418 983 1455 50.
1044 1417 1089 1454 In
1123 1417 1300 1466 antiquis
1338 1417 1468 1454 titulis
1506 1417 1589 1455 haec
1619 1421 1698 1454 ter-

188 1485 353 1523 minatio
384 1484 585 1522 interdum
617 1482 656 1523 ei
687 1489 757 1532 est,
790 1488 836 1522 ut
870 1483 1083 1532 „uirtutei“
1120 1484 1235 1535 Corp.
1261 1485 1362 1523 Insc.
1387 1485 1477 1523 Lat.
1502 1485 1532 1533 I,
1567 1487 1631 1533 34,
1662 1488 1696 1523 5.

193 1550 365 1600 „fontei“
407 1553 499 1599 199,
529 1554 566 1591 7.
614 1551 792 1603 „partei“
830 1554 924 1600 206,
952 1554 1002 1591 25
1030 1556 1070 1590 et
1095 1554 1160 1590 27.
1207 1553 1253 1590 In
1269 1553 1467 1591 Plautinis
1499 1553 1698 1591 codicibus

189 1621 401 1659 admodum
432 1621 585 1658 incerta
614 1621 732 1658 huius
764 1621 971 1671 scripturae
1001 1621 1169 1669 vestigia
1198 1625 1359 1658 manent
1391 1618 1452 1668 (ut
1475 1621 1560 1658 Mil.
1591 1621 1696 1658 1036

194 1690 370 1736 „uirtute
409 1686 516 1736 et“);
561 1688 631 1726 sed
675 1690 823 1739 partim
869 1688 1065 1726 ablativos
1106 1689 1286 1726 invenias
1325 1689 1366 1726 in
1404 1687 1420 1727 i
1459 1688 1697 1735 desinentes,

191 1758 258 1808 qui
288 1757 406 1807 vulgo
437 1758 478 1794 in
509 1768 529 1795 6
561 1760 718 1804 exeunt,
751 1760 796 1794 ut
823 1755 967 1804 „fusti“
1000 1756 1114 1807 Capt.
1143 1757 1236 1803 888,
1275 1755 1423 1803 „sorti“
1455 1756 1583 1795 Casin.
1603 1757 1698 1803 405,

194 1823 349 1875 „parti“
384 1825 491 1863 Men.
525 1825 620 1862 468.
667 1825 776 1862 Pers.
812 1826 877 1862 72.
945 1823 1070 1872 „luci“
1107 1825 1197 1862 Aul.
1233 1826 1336 1872 739,
1374 1822 1576 1874 „vesperi“
1612 1824 1699 1861 Mil.

192 1894 293 1941 995,
325 1894 471 1944 partim
502 1893 641 1930 littera
671 1904 692 1931 6
721 1894 975 1940 terminatos,
1009 1894 1189 1942 quamvis
1220 1893 1339 1943 longa
1369 1893 1520 1941 syllaba
1552 1893 1623 1939 sit,
1657 1898 1701 1929 ut

195 1960 327 2009 „rete“
363 1962 474 2000 Asin.
495 1963 560 2009 99,
597 1959 798 2008 „furfure“
831 1961 943 2012 Capt.
964 1963 1058 2008 799,
1096 1959 1259 2008 „carne“
1290 1961 1342 1998 ib.
1364 1962 1457 2008 907,
1495 1959 1695 2011 „pariete“

191 2029 276 2068 Cas.
300 2031 391 2078 140,
429 2027 616 2077 „ordine“
652 2029 705 2066 ib.
735 2030 829 2067 830.
861 2029 1005 2067 Pseud.
1034 2030 1128 2066 766.
1166 2030 1286 2076 1310,
1325 2027 1497 2076 „milite“
1525 2029 1577 2066 ib.
1606 2030 1699 2066 620.

191 2098 340 2145 Quibus
378 2099 419 2135 in
456 2098 553 2135 locis
594 2097 626 2135 si
668 2098 755 2147 quis
796 2097 927 2135 editor
966 2098 1202 2136 constantiae
1242 2111 1357 2135 causa
1397 2100 1465 2135 aut
1500 2095 1518 2135 ’ί
1556 2101 1625 2134 aut
1665 2095 1702 2134 (ν’

192 2166 352 2213 scribat,
384 2166 605 2216 vituperari
635 2166 700 2203 vix
730 2167 869 2216 possit.

305 2233 509 2271 voeabula
538 2230 658 2281 milii,
694 2231 782 2281 tibi,
814 2230 899 2272 Sibi
928 2234 1107 2272 ultimam
1139 2247 1242 2284 saepe
1275 2233 1494 2283 producere
1526 2230 1701 2269 o'stendit

191 2300 363 2351 Spengel
392 2314 431 2350 p.
467 2303 516 2338 55
550 2314 636 2351 sqq.

306 2365 401 2419 Eyo
438 2368 633 2419 producta
672 2369 813 2406 ultima
851 2370 1030 2407 invenias
1068 2369 1211 2419 Amph.
1248 2369 1339 2406 196.
1386 2368 1475 2405 Aul.
1510 2369 1609 2414 499,
1651 2368 1699 2404 al.

193 2437 240 2474 cf.
273 2436 419 2474 Muller
449 2449 487 2485 p.
524 2438 588 2474 30.
621 2456 678 2461 —
707 2433 839 2474 Modo
870 2437 1013 2487 Amph.
1050 2438 1144 2474 640.
1176 2437 1285 2474 Asin.
1321 2438 1356 2473 5.
1392 2437 1485 2474 860.
1521 2437 1614 2473 867.
1647 2455 1702 2460 ——

194 2501 326 2543 12an
358 2504 463 2553 apud
494 2504 681 2541 Plautum
713 2518 869 2554 semper
900 2505 1081 2542 ultimam
1112 2505 1269 2553 longam
1300 2504 1433 2541 habet.

306 2572 438 2609 Verba
468 2573 509 2609 in
543 2582 591 2610 αν
621 2572 844 2609 desinentia
876 2585 977 2621 saepe
1005 2572 1112 2622 apud
1131 2571 1316 2608 Plautum
1343 2573 1520 2610 ultimam
1543 2572 1702 2621 longam

193 2640 352 2687 habent,
388 2640 455 2678 vid
486 2640 629 2690 Amph.
666 2641 730 2677 38.
767 2642 858 2677 555.
896 2641 1016 2678 1072.
1064 2640 1210 2677 Muller
1240 2653 1279 2690 p.
1315 2641 1379 2677 37.

309 2708 531 2746 Verborum
563 2708 603 2744 in
636 2718 680 2745 er
709 2709 1012 2745 terminatorum
1044 2707 1196 2745 nullum
1227 2707 1306 2744 tale
1334 2711 1442 2745 extat
1466 2708 1700 2757 exemplum.

315 2772 372 2815 Or
401 2777 562 2825 longum
595 2788 678 2812 esse
708 2779 843 2825 potest
874 2779 914 2812 et
944 2777 985 2812 in
1016 2775 1159 2823 verbis,
1191 2779 1235 2812 ut
1259 2775 1371 2824 Capt.
1402 2776 1507 2813 1016
1546 2788 1702 2824 „regre—

196 2842 326 2891 dior“,
358 2844 445 2881 Mil.
469 2845 548 2881 634
581 2842 826 2893 „experior“,
855 2844 918 2891 aL,
946 2847 986 2881 et
1017 2844 1056 2880 in
1088 2843 1327 2890 nominibus,
1361 2847 1405 2879 ut
1433 2844 1696 2891 „imperat01··‘

1365 2917 1427 2951 13*
