1926 3275
710 319 752 354 V.
781 321 1014 354 1023—1028.
1536 322 1587 361 33
1596 323 1614 360 1

108 449 328 488 Saracenus
367 449 565 495 eiecisset,
606 448 734 487 denuo
773 449 922 498 recepit
955 448 1048 486 Pius
1082 446 1262 496 (Mediol.
1299 446 1424 494 1500)
1456 448 1616 497 paulum

109 520 336 556 immutatas
368 521 407 555 et
437 517 594 554 insertis
626 520 816 567 quattuor
846 517 1025 554 versibus
1051 530 1070 554 e
1088 516 1217 554 Nonio
1244 516 1475 565 desumptis.
1523 516 1617 562 Quae

110 600 172 624 res
202 589 324 624 tantae
355 585 578 623 editoribus
610 585 740 623 fraudi
773 586 858 631 fuit,
893 589 936 622 ut
972 585 1022 622 ad
1052 589 1229 622 nostrum
1260 585 1446 622 saeculum
1483 597 1617 621 omnes

107 655 317 705 supposita
353 654 422 691 illa
459 655 690 691 retinerent.
751 653 982 691 Mirandum
1020 652 1199 703 profecto
1239 655 1298 690 est
1327 652 1540 690 Niebuhrii
1579 656 1618 689 et

110 723 371 760 Lindemanni
409 722 588 758 acumine
628 735 727 771 opus
765 721 905 768 fuisse,
946 725 990 758 ut
1029 734 1101 772 pro
1140 722 1287 770 spuriis
1320 720 1615 767 damnarent-ur,

110 804 197 840 quae
238 790 357 828 hodie
395 802 507 827 nemo
546 803 627 827 non
664 789 774 827 videt
813 789 1000 827 audacter
1031 790 1156 838 magis
1188 802 1304 839 quam
1337 788 1434 826 bene
1467 792 1505 826 et
1539 789 1616 826 ele-

108 863 249 907 ganter
287 859 471 908 suppleta
511 871 607 894 esse.
670 856 746 894 Sed
785 858 851 906 qui
884 858 989 907 apud
1021 857 1193 895 Nonium
1226 861 1264 894 et
1293 857 1538 894 Priscianum
1570 871 1617 894 ex

109 927 396 976 Amphitryone
426 925 558 962 Plauti
600 925 822 962 afferuntur
859 939 995 962 versus
1034 926 1075 962 in
1115 925 1316 963 codicibus
1354 926 1498 963 nostris
1539 938 1617 962 non

110 995 282 1041 inventi,
316 995 343 1030 ii
383 993 433 1030 ad
473 994 572 1031 hanc
611 993 754 1030 fabulae
792 996 948 1042 partem
986 995 1226 1042 pertinuisse
1264 993 1459 1031 videntur.
1522 994 1615 1040 Quae

107 1064 140 1099 si
173 1076 260 1100 cum
291 1063 358 1108 iis,
393 1074 478 1112 quae
511 1063 551 1098 in
583 1061 746 1111 reliquis
787 1061 928 1099 fabulae
968 1062 1149 1111 partibus
1188 1060 1479 1110 significantur,
1514 1075 1616 1098 com-

108 1131 391 1181 paraverimus,
426 1130 556 1179 qualia
588 1129 876 1176 interciderint,
911 1130 1161 1179 aliquatenus
1194 1130 1387 1179 suspicari
1418 1129 1565 1167 licebit.

221 1199 347 1236 Periit
385 1200 555 1248 primum
595 1201 769 1235 extrema
811 1211 902 1247 pars
946 1198 1132 1247 colloquii
1162 1198 1351 1234 Mercurii
1383 1201 1421 1234 et
1453 1197 1617 1247 Amphi-

108 1269 274 1317 tryonis,
308 1281 386 1317 qua
410 1267 505 1304 deus
532 1267 717 1304 miserum
740 1266 937 1304 hominem
971 1266 1143 1303 ludibrio
1175 1266 1355 1303 habitum
1388 1266 1434 1302 ab
1468 1265 1618 1302 aedibus

108 1335 232 1383 abigit
265 1333 316 1382 (v.
353 1337 431 1372 972
466 1349 522 1385 sq.
558 1332 657 1382 991)
695 1335 843 1372 matula
876 1336 915 1371 in
948 1338 1067 1384 caput
1099 1335 1181 1372 eius
1212 1335 1343 1371 infusa
1375 1332 1428 1381 (V.
1465 1335 1544 1371 994
1579 1337 1616 1370 et

112 1401 250 1450 1031).
312 1404 436 1440 Periit
478 1404 659 1453 proxima
701 1417 833 1449 scena,
876 1417 973 1451 qua,
1006 1407 1219 1453 postquam
1251 1402 1347 1439 abiit
1378 1401 1614 1448 Mercurius,

106 1472 219 1510 Sosia
258 1473 446 1510 arcessito
478 1471 729 1521 Blepharone
768 1471 1034 1519 gubernatore
1076 1468 1128 1519 (v.
1164 1469 1262 1517 961)
1305 1471 1483 1517 advenit,
1524 1470 1616 1507 Am-

107 1540 268 1590 phitryo
308 1544 436 1577 autem
478 1540 641 1577 eundem
683 1553 765 1577 esse
807 1540 989 1586 credens,
1032 1540 1099 1589 qui
1139 1553 1179 1576 se
1217 1552 1345 1589 nuper
1384 1539 1431 1576 ab
1469 1539 1617 1576 aedibus

108 1610 190 1646 suis
224 1609 412 1658 abegerit,
446 1612 483 1646 et
516 1608 648 1645 verbis
679 1610 859 1657 increpat
893 1611 929 1644 et
960 1609 1075 1645 minis
1115 1607 1427 1656 verberibusque
1463 1610 1617 1644 coercet

109 1675 161 1725 (V.
196 1679 275 1715 995
310 1691 366 1727 sq.
407 1680 446 1714 et
489 1677 594 1714 1032
629 1675 718 1725 sq.).
781 1676 881 1713 Tum
928 1677 1100 1726 strepitu
1147 1679 1236 1712 ante
1282 1676 1438 1712 ianuam
1481 1675 1616 1712 audito

107 1746 296 1783 Alcmena
334 1745 516 1796 prodisse
554 1744 734 1791 videtur,
776 1745 815 1781 in
855 1758 971 1793 quam
1002 1744 1238 1793 Amphitryo
1280 1747 1318 1780 et
1361 1743 1618 1793 quaestionem

108 1814 284 1850 instituit
315 1814 546 1851 acerrimam
581 1811 633 1860 (V.
671 1814 776 1850 1008
810 1811 885 1862 sq.)
929 1817 965 1849 et
1006 1812 1220 1849 maledicta
1257 1813 1401 1860 ingerit
1437 1809 1616 1859 (Argum.

108 1882 163 1927 II,
201 1879 263 1928 (3),
303 1882 373 1918 illa
410 1895 503 1919 vero
542 1883 716 1931 primum
754 1881 908 1930 placide
947 1880 1178 1930 respondet,
1221 1879 1362 1917 deinde
1409 1879 1523 1928 quasi
1569 1879 1617 1916 ab

109 1950 247 1986 insano
286 1950 442 1987 homine
475 1949 643 1987 discedit
679 1947 730 1995 (v.
769 1947 908 1996 1044).
970 1948 1144 1986 Tandem
1176 1949 1355 1997 Iuppiter
1394 1948 1496 1997 ipse,
1539 1960 1617 1996 quo

108 2017 245 2055 turbas
278 2017 327 2054 ad
358 2021 578 2055 extremum
610 2022 771 2065 augeat,
805 2018 1106 2067 Amphitryonis
1145 2030 1354 2066 personam
1392 2029 1532 2065 gerens
1572 2028 1618 2051 ex

110 2086 259 2124 aedibus
291 2086 382 2132 exit„
447 2086 570 2132 Quem
603 2100 721 2135 quum
753 2087 921 2123 maritus
952 2099 1025 2135 pro
1057 2085 1208 2122 moecho
1242 2085 1439 2134 corripere
1471 2082 1616 2128 studet,

109 2155 194 2204 ipse
226 2168 314 2192 eum
346 2155 483 2193 eodem
514 2156 672 2191 nomine
705 2155 845 2203 arripit
887 2152 998 2201 (Arg.
1031 2153 1086 2200 II,
1122 2151 1162 2200 7)
1206 2153 1386 2202 colloque
1427 2151 1617 2188 obstricto

108 2223 233 2259 trahit
266 2221 378 2270 (946.
417 2220 562 2269 1045),
596 2222 794 2271 Blepharo
836 2226 965 2259 autem
1009 2222 1160 2259 arbiter
1191 2225 1349 2271 captus,
1384 2224 1473 2257 uter
1503 2232 1618 2256 verus

109 2292 160 2328 sit
194 2291 450 2340 Amphitryo,
485 2290 713 2340 dignoscere
747 2304 825 2328 non
856 2294 1004 2340 potest,
1046 2289 1291 2339 ridiculeque
1333 2288 1490 2325 delusus
1538 2287 1617 2324 abit

113 2357 224 2408 (Arg.
258 2359 306 2405 II,
342 2361 362 2395 7
397 2372 454 2408 sq.
491 2359 585 2395 945.
623 2356 761 2404 10:31).

230 2428 348 2464 1028.
382 2426 547 2463 Versum
596 2430 826 2475 corruptum
873 2427 927 2463 sic
967 2426 1134 2474 Pylades
1174 2426 1363 2462 correxit:
1418 2424 1503 2470 „Ita
1549 2437 1618 2474 ego

110 2498 150 2532 te
182 2498 290 2532 certo
323 2508 435 2532 cruce
468 2498 505 2531 et
537 2497 714 2531 cruciatu
746 2494 945 2540 mactabo,
980 2495 1041 2531 exi
1074 2494 1199 2539 foras,
1231 2491 1466 2541 mastigia“;
1500 2497 1617 2539 recte,

112 2562 219 2612 quod
263 2561 349 2609 „te‘²
393 2562 548 2599 addidit
589 2566 628 2599 et
672 2560 899 2608 „cruciatu“
941 2562 1118 2611 scripsit,
1153 2561 1222 2598 sed
1258 2559 1359 2608 „At‘⁴
1395 2561 1619 2610 relinquen-

112 2630 205 2667 dum
240 2635 334 2668 erat.
399 2631 504 2667 cerff)
543 2644 683 2680 parum
722 2631 873 2679 placet,
915 2629 1125 2667 delendum
1166 2642 1315 2667 censeo.
1378 2639 1481 2667 exuo
1520 2629 1618 2666 nihil

113 2703 184 2736 est.
251 2698 348 2745 „Exi
388 2697 516 2735 foras‘*
561 2712 640 2735 non
681 2698 931 2748 displiceret,
974 2699 1006 2735 si
1046 2711 1182 2735 versus
1220 2701 1443 2747 pateretur,
1477 2697 1618 2734 saltem

114 2767 252 2804 melius
285 2770 362 2813 est,
397 2780 512 2815 quam
544 2766 650 2816 quod
681 2766 824 2804 Hoffm.
857 2781 895 2816 p.
932 2768 981 2803 50
1023 2766 1271 2803 commendat
1315 2763 1484 2811 „exito“,
1529 2779 1618 2802 nam

113 2834 290 2872 futurum
323 2835 548 2883 imperativi
579 2835 643 2872 hic
681 2835 809 2872 locum
848 2848 925 2872 11011
957 2834 1088 2871 habet.
1150 2833 1225 2871 Sed
1265 2837 1492 2883 corruptum
1532 2847 1618 2871 ver-

114 2901 217 2949 bum,
245 2904 423 2951 quamvis
447 2902 550 2939 unde
576 2906 706 2940 ortum
725 2905 872 2940 sitnon
891 2907 1093 2953 appareat,
1114 2903 1244 2940 delere
1262 2902 1384 2948 malo,
1411 2915 1487 2951 quo
1512 2901 1618 2938 facto
