1926 3275
147 273 212 319 ΙΠ,
226 276 258 319 2,
271 276 385 310 8—32
806 275 988 310 Asinaria.
1572 287 1648 325 111

145 401 237 443 Eae
269 414 384 442 nunc
413 400 605 453 legiones
637 400 788 454 copiae
821 401 1124 455 exercitusque
1157 416 1307 445 eorum

144 472 201 515 Ui
230 472 464 527 pugnando
495 473 699 526 periuriis
730 473 891 514 nostris
921 472 1051 527 fugae
1083 474 1225 528 potiti.

144 545 196 586 Id
224 545 388 586 uirtute
418 543 546 585 huius
578 543 784 598 conlegae
816 559 1000 599 meaque
1036 546 1240 589 comitate

143 616 391 668 Factumst3
415 616 490 670 qui
512 629 581 657 me
605 616 674 657 uir
696 614 852 657 fortior
876 615 978 669 [est]
1005 617 1061 658 ad
1085 617 1360 661 sufferundas
1381 619 1558 675 plagas?
1584 628 1652 663 550

776 687 1016 730 Leonida

142 759 313 814 Edepol
342 759 522 801 uirtutis
553 759 627 813 qui
658 761 757 800 tuas
788 772 904 800 nunc
935 760 1076 813 possis
1109 760 1385 815 conlaudare,

142 832 264 874 Sicut
296 845 374 884 ego
407 831 581 885 possim,
615 843 728 883 quae
760 830 877 872 domi
908 831 1130 886 duellique
1161 833 1273 875 male
1299 834 1471 877 fecisti?

140 903 206 945 Ne
235 903 314 944 illa
345 902 501 956 edepol
531 916 610 955 pro
640 901 801 943 merito
832 905 909 944 tuo
941 905 1174 945 memorari
1204 906 1343 947 multa
1371 912 1567 962 possunt,

140 974 226 1016 Ubi
255 973 463 1015 fidentem
493 972 782 1025 fraudaueris‚
815 973 890 1015 ubi
922 988 995 1016 ero
1026 975 1213 1017 infidelis
1244 977 1388 1030 fueris,

139 1045 227 1088 Ubi
256 1045 402 1087 uerbis
434 1046 656 1098 conceptis
689 1045 831 1087 sciens
862 1045 1067 1088 lubenter
1101 1048 1351 1101 periuraris,
1582 1052 1649 1086 555

139 1117 226 1158 Ubi
254 1117 447 1171 parietes
477 1116 728 1170 perfoderis,
759 1117 804 1157 in
833 1116 952 1159 furto
983 1117 1059 1159 ubi
1089 1119 1145 1160 sis
1177 1120 1427 1174 prehensus,

139 1188 226 1230 Ubi
257 1202 385 1242 saepe
418 1201 596 1229 causam
628 1187 790 1230 dixeris
822 1189 1015 1242 pendens
1047 1190 1259 1233 aduorsus
1292 1196 1391 1234 octo

139 1260 320 1302 Artutos
351 1259 527 1301 audacis
557 1260 690 1311 uiroa
721 1260 909 1302 ualentis
939 1261 1195 1314 uirgatores.

777 1331 1010 1374 Libanus

140 1403 301 1444 Fateor
330 1401 526 1457 profecto
557 1407 606 1444 ut
635 1403 878 1457 praedicas,
911 1403 1119 1456 Leonida,
1151 1418 1245 1446 esse
1276 1420 1402 1458 uera3

138 1474 303 1516 Uerum
348 1474 503 1528 edepol
547 1488 601 1516 ne
648 1475 780 1516 etiam
824 1478 901 1515 tua
946 1489 1118 1529 quoque
1170 1477 1285 1519 male
1331 1477 1449 1519 facta
1492 1479 1647 1520 iterari

1098 1548 1236 1589 multa
1578 1550 1647 1583 560

141 1617 199 1659 Et
229 1632 333 1660 uero
365 1622 558 1671 possunt,
589 1618 665 1659 ubi
696 1618 834 1659 sciens
864 1617 982 1658 fideli
1011 1618 1168 1660 infidus
1199 1618 1342 1672 fueris,

138 1689 225 1731 Ubi
254 1703 438 1743 prensus
468 1690 513 1730 in
543 1688 662 1731 furto
695 1690 781 1731 sies
812 1689 1055 1731 manufesto
1088 1693 1132 1731 et
1162 1678 1432 1743 uerberatus,

138 1760 225 1802 Ubi
255 1760 507 1815 perimaris,
537 1760 613 1802 ubi
644 1774 768 1802 sacro
800 1775 955 1802 manus
987 1761 1043 1802 sis
1075 1761 1320 1813 admolitus,

137 1831 224 1874 Ubi
255 1833 341 1874 eris
373 1832 530 1874 damno
561 1831 788 1874 molestiae
820 1836 864 1873 et
896 1832 1101 1873 dedecori
1130 1847 1261 1887 saepe
1292 1831 1438 1885 fueris,

137 1904 225 1946 Ubi
257 1903 471 1945 creditum
502 1903 620 1957 quod
650 1904 707 1945 sit
735 1903 818 1944 tibi
850 1903 1001 1944 datum
1033 1917 1124 1944 esse
1155 1904 1419 1957 pernegaris,
1577 1909 1646 1943 565

137 1975 223 2017 Ubi
254 1975 419 2016 amicae
451 1988 582 2027 quam
613 1975 754 2017 amico
786 1979 862 2016 tuo
893 1975 1027 2016 fueris
1059 1975 1196 2028 magis
1227 1975 1381 2027 fidelis,

136 2046 223 2088 Ubi
255 2060 384 2100 saepe
415 2045 471 2087 ad
501 2047 758 2100 languorem
788 2050 866 2087 tua
897 2046 1060 2087 duritia
1092 2046 1263 2088 dederis
1296 2052 1393 2088 octo

136 2117 316 2159 Ualidos
347 2117 523 2159 lictores
554 2118 706 2159 ulmeis
738 2117 933 2159 adfectos
964 2118 1093 2159 lentis
1124 2119 1271 2171 uirgis.

137 2189 251 2230 Num
280 2189 393 2230 male
425 2188 610 2230 relatast
640 2190 795 2242 gratia,
827 2194 878 2231 ut
910 2190 1135 2243 conlegam
1168 2189 1455 2231 conlaudaui‘?

773 2260 1010 2302 Leonida

137 2330 197 2372 Ut
227 2345 381 2385 meque
412 2334 543 2384 teque
574 2345 776 2373 maxume
808 2336 939 2385 atque
970 2333 1144 2384 ingenio
1177 2336 1325 2373 nostro
1358 2333 1517 2374 decuit.
1575 2339 1643 2372 570

774 2402 866 2444 Lib
879 2417 1008 2444 anus

137 2472 229 2514 Iam
261 2473 413 2515 omitte
444 2472 530 2513 ista
561 2476 692 2526 atque
722 2472 806 2514 hoc
838 2474 955 2527 quod
985 2489 1090 2528 rogo
1122 2474 1350 2528 responde.

770 2545 1008 2587 Leonida

1225 2617 1383 2670 Rogita
1413 2615 1530 2670 quod
1560 2617 1637 2657 uis.

228 2783 295 2815 547
319 2781 440 2816 forum
517 2783 583 2818 548
608 2794 722 2827 eugae
800 2784 867 2818 550
893 2783 1118 2818 sufferandas
1191 2786 1256 2818 558
1281 2784 1438 2819 Astutos
1509 2785 1576 2818 560
1600 2783 1639 2817 ni

137 2837 203 2871 562
228 2840 266 2871 et
289 2837 484 2872 manifesto
