1926 3275
241 331 321 368 212
848 323 1126 367 Prolegomena.

354 454 576 491 Geminatio
617 453 792 489 eiusdem
832 453 996 497 vocalis,
1038 465 1114 500 qua
1150 451 1254 487 idem
1293 464 1411 488 sonus
1452 451 1638 487 continuo
1674 450 1736 486 bis

239 524 584 573 pronuntiaretur,
625 521 857 557 Latinorum
898 532 1012 555 aures
1049 538 1106 542 —
1144 520 1237 556 item
1282 522 1327 555 ut
1372 521 1526 555 nostras
1563 538 1621 542 —
1657 530 1737 554 non

240 592 338 628 nihil
369 590 613 634 offendebat,
647 601 810 637 eamque
841 588 1072 636 plerumque
1111 587 1379 623 contractione
1421 586 1586 622 duarum
1624 598 1736 623 voca-

240 660 336 696 lium
379 655 578 706 (synizesi)
628 657 842 693 evitabant.
904 656 1074 692 Maxime
1118 652 1135 692 i
1179 655 1326 691 vocalis
1372 654 1457 691 sibi⁴
1491 654 1648 700 insidit,
1694 656 1739 689 ut

241 729 495 775 antiquorum
532 725 648 762 modo
687 725 908 773 loquamur.
971 724 1032 760 Sic
1070 724 1191 769 iacio,
1231 722 1299 759 ubi
1339 736 1423 759 cum
1455 722 1738 771 praepositione

240 796 435 843 iungitur,
468 794 542 829 icio
573 792 618 829 fit
652 790 815 839 (adicio,
850 793 967 838 eicio,
1002 788 1115 838 cet),
1157 793 1209 827 sic
1248 804 1320 840 pro
1353 789 1543 836 audiisse,
1576 789 1738 838 periisse

241 863 423 899 dicebant
455 861 628 906 audisse,
662 861 829 908 perisse,
863 860 915 895 sic
948 859 1121 907 genetivi
1151 860 1356 896 nominum
1387 859 1426 895 in
1456 855 1524 895 ‘ius
1556 860 1623 894 aut
1651 854 1740 894 ium

242 932 465 967 exeuntium
506 929 644 966 saltem
684 941 807 976 usque
839 927 887 963 ad
918 927 1088 976 Augusti
1124 930 1282 963 aetatem
1313 926 1480 975 simplici
1511 924 1527 963 i
1555 926 1739 962 termina-

240 998 385 1035 bantur
417 996 509 1044 (fili,
543 997 683 1045 imperi
715 993 820 1042 etc.).
883 995 958 1032 Sed
998 996 1115 1031 etiam
1154 996 1195 1031 in
1234 995 1321 1031 aliis
1352 995 1552 1031 nominum
1584 996 1623 1030 et
1652 1005 1739 1029 ver-

240 1066 381 1102 borum
407 1066 563 1111 formis,
597 1065 665 1101 ubi
697 1066 933 1100 concurrant
965 1063 1041 1099 duo
1072 1061 1106 1109 i,
1140 1062 1340 1099 interdum
1370 1063 1433 1100 vel
1464 1063 1647 1111 antiquus
1678 1062 1740 1098 vel

241 1134 414 1181 vulgaris
460 1145 585 1170 sermo
630 1136 843 1181 utrumque
890 1131 1111 1178 coniungit,
1152 1133 1196 1167 ut
1235 1131 1275 1167 in
1314 1130 1446 1168 dativo
1487 1134 1526 1167 et
1567 1129 1739 1166 ablativo

241 1202 405 1251 pluralis
437 1201 504 1237 Dis
542 1214 615 1249 pro
654 1200 739 1237 Diis
781 1200 885 1236 omni
924 1199 1031 1235 aetati
1069 1198 1264 1235 familiare
1303 1202 1375 1235 est.
1436 1198 1526 1235 Alia
1564 1197 1742 1246 exempla

1379 1265 1432 1281 ·t(

241 1269 418 1318 przebcnt
462 1269 741 1317 inscriptiones
787 1269 980 1317 antiquae,
1028 1270 1073 1303 ut
1123 1270 1408 1313 „controversis
1476 1265 1741 1303 Minuciorum

241 1338 445 1383 sententia,
480 1337 519 1373 C.
545 1336 574 1373 Ι.
607 1337 696 1382 199,
725 1337 788 1382 45,
827 1333 1047 1381 „coloneis“
1082 1347 1155 1384 pro
1187 1334 1352 1371 coloniis
1378 1334 1461 1371 Lex
1484 1334 1586 1371 Iulia
1615 1334 1740 1370 muni-

242 1405 378 1454 cipalis
411 1406 565 1453 saepius.
613 1403 764 1440 Ibidem
799 1401 855 1449 (C.
881 1403 911 1439 I.
946 1404 1038 1449 206,
1075 1400 1114 1448 3)
1154 1403 1300 1449 „isdem
1333 1400 1510 1440 diebus“.
1555 1402 1602 1438 In
1625 1401 1740 1438 Plau-

240 1474 334 1509 tinis
368 1473 567 1510 codicibus
599 1472 798 1509 interdum
834 1469 913 1517 „is“
949 1484 1020 1520 pro
1054 1471 1100 1507 iis
1133 1474 1253 1518 extat,
1286 1475 1331 1508 ut
1361 1471 1503 1520 Amph.
1535 1471 1598 1507 92.
1630 1469 1740 1506 Asin.

241 1537 385 1587 434ss).
438 1540 563 1589 Vulgo
601 1538 771 1588 „gratis“
809 1539 1014 1575 dicebatur
1045 1551 1117 1587 pro
1150 1540 1300 1587 gratiis,
1335 1542 1373 1576 et
1404 1539 1472 1575 illa
1501 1537 1629 1575 forma
1658 1537 1741 1586 ple-

240 1622 404 1657 rumque
436 1609 476 1644 in
508 1607 618 1645 codd.
646 1608 839 1644 Plautinis
872 1610 993 1644 extat.
1040 1607 1213 1643 Metrum
1246 1621 1328 1644 eam
1360 1610 1495 1644 tuetur
1515 1605 1627 1655 Capt.
1647 1605 1739 1651 406,

243 1680 281 1712 et
311 1677 478 1713 fortasse
510 1676 651 1724 Amph.
689 1677 765 1712 162
805 1673 1041 1724 ‚,i⁷.1gratis“;
1080 1676 1121 1711 in
1154 1676 1294 1712 ceteris
1328 1674 1509 1712 omnibus
1538 1673 1672 1710 Plauti
1704 1674 1743 1709 et

242 1744 418 1781 Terentii
449 1744 543 1781 locis
575 1748 744 1781 metrum
770 1743 943 1780 ostendit
966 1743 1217 1792 trisyllabum
1240 1743 1477 1780 vocabulum
1504 1754 1599 1778 esse.
1641 1740 1742 1777 Item

241 1813 282 1849 in
313 1812 498 1861 perfectis
538 1816 688 1861 quartae
728 1812 1016 1859 coniugationis
1055 1811 1252 1848 interdum
1285 1811 1362 1848 duo
1392 1808 1410 1847 i
1441 1809 1740 1854 contrahuntur,

242 1883 285 1917 ut
335 1878 464 1926 „exit“
514 1880 600 1916 Mil.
643 1881 735 1916 378.
776 1880 870 1916 418.
917 1879 1024 1915 Asin.
1067 1879 1168 1923 392,
1215 1879 1283 1914 ubi
1335 1876 1499 1925 „rediit“
1550 1878 1742 1926 scriptum

243 1950 361 1993 extat,
400 1946 551 1993 „redit‘²
588 1947 937 1996 pronuntiandum.
995 1946 1049 1983 Cf.
1084 1946 1201 1982 Lucr.
1233 1945 1302 1991 III,
1340 1947 1468 1983 1042:
1507 1945 1618 1995 „Ipse
1648 1943 1742 1993 Epi-

244 2028 358 2051 curus
399 2014 521 2061 obit“,
554 2015 620 2051 ubi
651 2015 730 2051 vid.
758 2014 914 2051 Munro.
976 2014 1015 2051 Si
1054 2015 1093 2049 in
1133 2013 1324 2050 eiusmodi
1363 2014 1499 2050 formis
1540 2012 1625 2049 duae
1665 2011 1741 2060 syl-

243 2082 340 2118 labae
386 2084 652 2131 pronuntiatae
699 2085 809 2128 sunt,
856 2082 1066 2119 verisimile
1107 2085 1166 2117 est
1203 2085 1412 2130 utramque
1451 2081 1627 2118 vocalem
1665 2092 1743 2116 non

242 2162 404 2199 prorsus
437 2150 602 2186 eundem
641 2163 781 2187 sonum
812 2149 1013 2195 habuiss03
1047 2163 1117 2186 nec
1149 2150 1303 2198 antiqui
1333 2149 1407 2185 hoc
1438 2162 1517 2185 non
1548 2148 1742 2198 exprime-

242 2217 349 2263 bant,
382 2217 449 2254 ubi
480 2231 553 2267 pro
585 2218 702 2265 longa
733 2219 745 2254 i
777 2215 814 2254 ces
846 2217 1074 2263 scriberent,
1110 2230 1196 2265 quae
1228 2218 1425 2266 scriptura
1452 2219 1491 2253 et
1513 2217 1552 2253 in
1576 2216 1741 2265 inscrip-

243 2285 419 2322 tionibus
465 2298 565 2334 saepe
612 2286 784 2322 occurrit
830 2288 869 2321 et
912 2285 1109 2321 interdum
1150 2286 1189 2321 in
1228 2285 1424 2321 Plautinis
1463 2284 1595 2331 codd,
1634 2284 1743 2320 velut

248 2352 376 2400 „eirc“
419 2366 490 2402 pro
521 2354 597 2399 ire,
635 2351 718 2399 ,,01“
754 2366 826 2402 pro
856 2353 887 2399 i;
926 2353 1049 2389 Mero.
1084 2354 1159 2389 521
1194 2353 1247 2389 A:
1286 2351 1494 2399 „redieit“.
1555 2351 1617 2388 Ad
1656 2363 1742 2399 quae

245 2421 420 2469 exempla
459 2421 525 2470 qui
565 2422 682 2458 etiam
726 2419 934 2470 „gratieis“
979 2424 1017 2457 et
1056 2421 1201 2457 similia
1246 2420 1417 2457 scribere
1455 2420 1568 2466 velit,
1609 2431 1742 2468 repre-

278 2552 310 2595 *)
336 2552 379 2585 In
405 2552 567 2586 Trinum.
604 2553 644 2584 17
676 2552 706 2584 A
741 2550 794 2594 „i“
826 2551 938 2584 habet
976 2561 1043 2595 pro
1082 2551 1123 2593 ii,
1150 2551 1196 2585 ad
1234 2562 1342 2595 quem
1377 2551 1501 2584 locum
1525 2549 1666 2583 Ritsch.
1704 2549 1743 2582 in

336 2608 478 2651 Proleg.
511 2620 544 2651 p.
577 2607 744 2641 XCVIII:
785 2608 1035 2651 „geminatum
1073 2609 1084 2640 i
1122 2608 1159 2641 in
1196 2607 1416 2652 pronomine
1454 2617 1530 2640 non
1566 2606 1742 2639 maiorem

336 2663 444 2696 fidem
465 2663 577 2696 habet
602 2675 711 2706 quam
736 2664 774 2697 in
801 2664 862 2705 dii,
890 2664 971 2704 diis,
997 2676 1066 2708 pro
1093 2665 1225 2707 quibus
1252 2667 1315 2697 aut
1341 2664 1388 2706 di,
1416 2663 1472 2697 dis
1497 2665 1538 2696 ut
1563 2663 1586 2705 i,
1612 2662 1653 2705 is,
1680 2665 1743 2695 aut

338 2719 407 2761 dei,
435 2719 524 2761 dcis,
551 2723 592 2753 ut
618 2719 668 2761 01,
695 2720 745 2752 eis
772 2724 913 2753 veteres
940 2719 1177 2764 probarunt‘fl
1204 2739 1248 2744 -——
1272 2720 1315 2754 In
1341 2719 1374 2754 S.
1404 2719 1438 2753 C.
1466 2719 1511 2753 de
1535 2718 1743 2753 Bacchana-

336 2775 432 2807 libus
460 2774 575 2817 „ccis“
602 2776 788 2817 scribitur,
815 2776 851 2809 in
879 2776 1021 2820 legibus
1048 2777 1207 2820 proximi
1233 2776 1356 2810 saeculi
1385 2775 1562 2819 (Antonia
1588 2775 1632 2809 de
1657 2774 1742 2808 Ter-

336 2830 536 2873 mensibus,
563 2830 703 2865 Rubria
730 2832 773 2865 110
800 2831 919 2866 Gallia
945 2833 1133 2876 cisalpina,
1160 2833 1254 2867 Iulia
1278 2831 1507 2876 municipali)
1535 2830 1655 2875 „ieis“.
