1926 3275
723 319 1002 363 Prolegomena.
1537 325 1556 362 1
1565 324 1616 362 73

112 449 174 493 τὴν
204 450 368 496 κροῦσιν,
405 449 449 484 τὰ
486 448 517 484 δ’
557 448 735 495 ᾄδεσθαι,
774 449 983 498 Ἀρχίλοχόν
1023 463 1116 495 φασι
1156 449 1378 491 καταδεῖξαι,
1418 446 1492 486 εἷθ’
1526 451 1617 486 οὕτω

111 518 328 566 χρήσασθαι
365 518 445 559 τοὺς
482 519 669 567 τραγικοὺς
704 518 859 563 ποιητάς.
920 516 998 554 Sed
1037 516 1087 553 ad
1125 516 1340 566 tragoedias
1380 517 1455 554 hoc
1493 519 1616 566 pcrti-

111 589 225 633 ncat3
271 585 490 622 Trinummi
542 586 701 635 quidem
754 599 872 622 scena
917 585 979 621 cui
1025 584 1053 621 C
1099 585 1410 634 superscriptum
1456 588 1516 622 est
1563 582 1615 632 (v.

116 654 221 690 1093
255 652 359 703 sqq.)
392 668 415 690 a
445 655 585 691 ceteris
618 654 807 691 diverbiis
839 653 938 690 nihil
969 654 1129 689 omnino
1162 653 1304 690 differt.

224 721 351 759 Notus
384 725 442 759 est
467 722 623 759 Horatii
653 735 790 759 versus
824 719 928 769 (Art.
962 724 1066 770 poet.
1104 719 1215 767 155),
1245 734 1321 770 quo
1353 734 1440 757 eum
1472 721 1615 758 fabulae

110 789 228 827 finem
260 804 342 827 esse
374 777 580 840 significat,
611 790 680 826 ubi
716 793 881 836 „cantor
915 789 1017 835 „Vos
1048 788 1250 837 plaudite‘⁴
1288 787 1434 825 dicat“.
1495 788 1616 825 Dubi-

110 861 236 895 tatum
276 862 354 905 est,
394 862 528 895 utrum
565 859 628 895 hic
668 862 839 895 cantor
877 861 922 894 ut
959 857 1044 903 ille,
1089 871 1166 906 quo
1199 857 1335 894 Livius
1363 857 1618 894 Andronicus

110 939 205 963 usus
237 929 308 973 est,
342 926 390 963 ab
421 927 614 964 histrione
647 926 823 964 diversus
859 926 992 972 fuerit,
1027 939 1075 962 an
1107 926 1191 974 ipse
1222 926 1363 962 histrio
1395 927 1450 962 sic
1483 926 1616 974 appel-

109 994 226 1031 letur.
287 995 340 1031 Et
369 995 568 1031 interdum
601 995 760 1044 quidem
791 1008 868 1032 vox
904 992 1132 1040 „Plaudite“
1170 1007 1256 1030 cum
1289 994 1617 1030 antecedentibus

108 1065 191 1099 tam
221 1066 307 1100 arte
338 1062 606 1109 cohaeret,‘ut
635 1063 726 1100 inde
759 1062 893 1099 divelli
924 1075 1003 1098 non
1034 1062 1161 1110 possit
1191 1075 1236 1098 ac
1274 1063 1528 1098 manifestum
1565 1063 1617 1098 sit

111 1130 159 1167 ab
192 1130 327 1167 eadem
357 1145 527 1180 persona
557 1132 857 1181 pronuntiatam
889 1144 984 1176 esse,
1019 1143 1105 1178 quae
1139 1118 1314 1166 extrema
1339 1130 1482 1167 fabulae
1511 1134 1614 1179 agat,

109 1202 154 1235 ut
184 1200 225 1236 in
255 1199 473 1246 Pseudolo,
507 1201 547 1236 in
577 1199 821 1246 Mercatore,
864 1213 908 1236 ac
945 1199 1022 1235 nisi
1061 1199 1179 1235 fallor
1219 1199 1259 1234 in
1296 1198 1536 1236 Truculento
1577 1202 1617 1235 et

110 1266 264 1315 Sticho3
297 1268 366 1305 sed
397 1269 539 1317 saepius
571 1268 686 1305 alteri
717 1267 931 1305 tribuenda
963 1266 1133 1304 videtur.
1196 1266 1360 1303 Plautus
1399 1267 1503 1304 enim
1538 1279 1616 1303 non

109 1349 200 1373 raro
232 1349 319 1373 eum
349 1336 490 1373 fabulae
523 1337 672 1373 exitum
703 1336 815 1382 facit,
855 1338 899 1372 ut
936 1335 1118 1384 pluribus
1157 1335 1336 1372 versibus
1372 1338 1615 1384 spectatores

110 1404 338 1454 alloquatur
368 1405 494 1454 iisque
525 1404 700 1441 fabulam
733 1403 990 1441 commendet.
1038 1402 1242 1440 Eiusmodi
1267 1403 1446 1440 versibus
1479 1416 1615 1452 super-

110 1472 296 1509 scribitur
326 1473 366 1510 in
389 1473 574 1509 Asinaria
602 1470 771 1519 „Grex“,
799 1473 840 1508 in
866 1471 1041 1521 Captivis
1066 1474 1105 1507 et
1129 1471 1352 1508 Cistellaria
1380 1469 1612 1518 „Caterva“,

109 1541 149 1576 in
180 1540 347 1590 Epidico
383 1539 578 1588 „Poeta-“3
619 1541 660 1577 in
700 1540 961 1578 Bacchidibus
1000 1540 1139 1577 titulus
1178 1540 1343 1576 interiit.
1404 1539 1614 1576 Terentius

109 1609 193 1646 sola
238 1622 333 1646 voce
376 1607 606 1656 „Plaudite“
650 1612 894 1658 spectatores
942 1609 1173 1657 alloquitur.
1234 1607 1282 1643 Ei
1329 1608 1369 1643 in
1415 1606 1614 1644 codicibus

111 1678 368 1727 anteponitur
398 1693 444 1725 ω,
477 1678 502 1714 i.
537 1691 568 1714 e.
603 1680 778 1714 extrema
807 1689 995 1726 persona,
1030 1690 1145 1726 quem
1186 1679 1384 1712 cantorem
1414 1675 1533 1711 fuisse
1565 1674 1613 1711 ab

110 1746 369 1783 histrionibus
415 1745 614 1783 diversum
659 1745 777 1794 vulgo
824 1748 1018 1782 statuunt.
1079 1744 1254 1781 Plautini
1301 1742 1411 1779 codd.
1452 1744 1493 1779 in
1532 1743 1616 1780 sola

110 1814 339 1852 Trinummo
385 1815 485 1852 hanc
528 1817 661 1851 notam
707 1816 935 1860 servarunt3
981 1814 1021 1849 in
1067 1813 1227 1858 ceteris,
1271 1824 1438 1861 quarum
1477 1811 1615 1847 similis

110 1883 212 1920 ratio
258 1887 335 1930 est,
377 1883 630 1930 Curculione,
670 1882 818 1928 Milite,
859 1881 1044 1927 Poenulo,
1085 1880 1286 1927 Rudente,
1335 1879 1497 1926 excidit,
1545 1892 1615 1915 nec

110 1952 238 1988 minus
280 1952 469 1989 excidisse
499 1951 677 1998 videtur,
710 1950 777 1987 ubi
808 1951 963 1999 integro
1003 1962 1121 1986 versu
1160 1950 1404 1997 spectatores
1444 1947 1615 1996 compel-

109 2019 265 2066 lantur,
298 2021 339 2057 in
368 2020 676 2069 Amphitruone,
709 2019 980 2065 Mostellaria,
1020 2017 1296 2063 Menaechmis,
1337 2016 1470 2052 Persa.
1531 2014 1614 2052 Nos

110 2091 245 2125 notam
275 2089 480 2138 posuimus
511 2087 628 2125 finem
663 2087 805 2124 fabulae
837 2087 1091 2132 indicantem,
1125 2085 1250 2122 libero
1282 2084 1418 2121 relicto
1450 2083 1615 2132 legenti-

110 2155 200 2202 bus,
233 2159 365 2193 utrum
396 2157 627 2193 histrionem
660 2169 709 2193 an
741 2158 943 2193 cantorem
982 2154 1029 2191 ab
1062 2153 1255 2190 histrione
1298 2152 1492 2188 diversum
1532 2151 1614 2188 haec

112 2226 291 2261 cantasse
321 2225 458 2261 velint.

225 2290 390 2329 Cantica
420 2295 550 2329 autem
582 2291 687 2341 apud
718 2291 917 2329 Romanos
957 2291 1161 2339 aliquanto
1192 2288 1280 2337 plus
1312 2288 1390 2326 loci
1421 2290 1616 2336 occupant

113 2372 229 2408 quam
275 2360 315 2396 in
365 2359 593 2397 Graecorum
639 2359 831 2397 comoedia
875 2359 1106 2395 recentiore.
1181 2357 1282 2394 Nam
1320 2355 1531 2393 Menandri
1577 2358 1617 2391 et

112 2427 319 2476 aequalium
360 2427 501 2465 fabulae
539 2429 747 2464 maximam
784 2431 940 2477 partem
981 2426 1171 2463 trimetris
1213 2425 1442 2473 compositae
1489 2426 1613 2468 erant,

111 2495 217 2544 apud
255 2495 440 2532 Plautum
485 2496 562 2532 alia
606 2508 859 2532 numerorum
897 2506 1042 2542 genera
1080 2493 1177 2530 adeo
1216 2491 1452 2542 praevalent,
1492 2494 1537 2527 ut
1574 2492 1614 2526 in

111 2563 312 2613 plerisque
351 2563 494 2600 fabulis
533 2563 676 2599 senarii
713 2563 780 2600 vix
819 2565 998 2611 quartam
1038 2561 1178 2598 fabulae
1217 2563 1370 2608 partem
1410 2559 1613 2607 expleant;

111 2630 321 2668 Terentius
367 2632 540 2681 pressius
586 2630 796 2668 Menandri
849 2631 1016 2679 vestigia
1070 2632 1226 2666 secutus
1278 2628 1359 2664 fere
1412 2626 1614 2663 dimidiam

112 2698 254 2736 fabulae
294 2703 448 2749 partem
487 2700 650 2737 senariis
690 2699 866 2736 tribuere
898 2698 1011 2735 solet.
1073 2697 1153 2733 Nec
1192 2695 1353 2732 minoris
1393 2695 1490 2731 artis
1529 2698 1615 2731 erat

113 2766 293 2804 diverbia
322 2767 422 2804 bene
452 2768 714 2817 pronuntiare
747 2780 863 2816 quam
895 2766 1047 2802 cantica
1080 2768 1249 2801 cantare.
1297 2763 1424 2799 Testis
1456 2766 1514 2798 est
1545 2774 1614 2811 po-

112 2836 258 2871 sterior
289 2839 401 2881 aetas,
435 2848 522 2883 quae
552 2834 624 2870 hac
655 2835 822 2871 maxime
853 2836 893 2871 in
926 2847 967 2870 re
1000 2837 1150 2869 actores
1183 2831 1457 2869 comoediarum
1490 2829 1613 2866 admi-

113 2902 276 2940 rabatur
322 2916 535 2951 eorumque
575 2901 788 2952 discipulos
832 2903 951 2939 etiam
992 2906 1168 2938 oratores
1209 2914 1292 2937 esse
1331 2898 1534 2944 volebant,
1575 2910 1610 2932 v.
