1926 3275
815 291 857 326 v.
884 292 1073 326 549—575.
1610 295 1692 335 405

198 422 340 457 mente.
393 419 556 457 Rectius
581 419 717 458 Douza
742 420 903 459 Festum
934 421 982 459 de
1013 421 1176 459 artubus
1206 421 1316 470 loqui
1347 420 1530 458 censebat
1566 421 1692 458 homi-

197 500 344 537 nesque
374 487 537 525 artubus
567 489 742 526 valentes
775 503 804 527 s.
836 489 1023 527 robustos
1055 488 1280 538 significari.
1341 488 1416 526 Sed
1456 488 1693 526 adiectivum

197 555 289 593 inde
320 555 541 593 derivatum
572 557 656 594 iure
687 557 919 595 Fleckeisen
951 557 1111 596 ανΐῑιΐοε
1141 557 1317 607 scripsit,
1358 556 1474 594 simul
1509 556 1558 593 ad
1589 556 1692 593 codi-

197 636 285 660 cum
322 623 476 661 litteras
511 638 627 674 quam
657 626 838 674 proxime
870 625 1071 663 accedens.
1104 646 1159 650 -
1188 622 1442 675 2ι2’)·9ίιΐο1·68,
1476 625 1542 674 qui
1572 625 1694 674 virgis

197 691 365 729 caedunt.
399 712 449 717 —
485 693 577 730 560.
611 689 754 742 edepol
783 691 830 732 πί
861 693 995 741 codd.;
1034 693 1122 730 edd.
1160 693 1338 744 plerique
1368 704 1437 741 ne,
1478 692 1538 730 Fl.
1569 693 1693 742 parti-

198 759 323 797 culam
355 760 496 797 omisit.
534 781 581 785 --
617 759 740 799 etiam
772 771 941 812 quoque,
973 775 1008 799 v.
1036 761 1085 798 ad
1101 761 1242 812 Amph.
1271 762 1335 799 30.
1358 781 1415 786 —
1442 763 1533 799 561.
1565 756 1694 809 fideli,

197 828 222 865 i.
257 841 289 865 e.
330 827 487 877 fidenti,
526 833 571 866 ut
611 833 670 866 est
707 843 743 867 v.
779 831 870 867 554.
902 850 958 854 —-
992 830 1082 867 562.
1116 829 1173 877 et,
1214 828 1318 878 quod
1362 829 1402 865 in
1448 828 1558 866 codd.
1604 831 1694 865 ante

203 895 473 943 „manufesto“
507 898 687 948 ponitur,
719 897 780 934 Fl.
810 897 903 935 huic
933 910 1015 935 voc.
1049 898 1290 947 postposuit.
1322 918 1376 921 —-
1411 897 1502 934 563.
1534 893 1593 934 Sis
1624 893 1694 934 ccd-

197 960 379 1012 molitus,
406 964 639 1002 admoveris.
665 985 720 990 —
749 966 841 1003 564.
875 965 911 1003 et
937 967 1045 1003 inter
1073 965 1148 1002 duo
1171 966 1393 1015 posteriora
1422 965 1598 1002 trinomii
1629 967 1696 1002 aut

196 1032 411 1082 polynomii
441 1032 616 1070 membra
659 1031 815 1081 (contra
845 1033 1021 1083 regulam
1053 1033 1186 1071 Madv.
1215 1032 1280 1071 Gr.
1314 1033 1394 1070 434
1427 1036 1507 1070 not.
1545 1029 1583 1080 1)
1618 1046 1695 1069 non

195 1113 286 1138 raro
324 1101 504 1148 additur,
539 1101 586 1138 cf.
617 1101 762 1152 Amph.
797 1102 890 1139 834.
932 1100 1045 1151 Capt.
1081 1102 1178 1139 134:
1227 1101 1428 1148 „Macesco
1460 1113 1695 1138 consenesco

197 1172 237 1206 et
281 1166 485 1207 tabesco“.
559 1168 646 1207 Mil.
689 1170 815 1207 1126:
876 1169 1232 1217 „Acroteleutium,
1288 1169 1472 1206 ancillula
1524 1169 1606 1205 eius
1652 1182 1695 1205 ac

196 1235 451 1275 Pleusicles“.
526 1237 668 1276 Pseud.
701 1239 768 1276 44.
815 1239 915 1275 979:
976 1237 1236 1286 „Legirupam
1291 1238 1441 1286 inpium
1492 1237 1695 1287 periurum

197 1309 317 1355 atque
347 1303 597 1356 inprobum“.
645 1305 802 1343 Trucul.
836 1306 937 1343 477:
976 1306 1057 1353 „fer
1087 1306 1163 1343 huc
1193 1305 1405 1343 uerbenam
1437 1305 1532 1342 mihi
1563 1308 1625 1342 tus
1657 1308 1695 1342 et

196 1372 403 1411 bellaria“.
444 1373 597 1411 Terent.
615 1373 759 1412 Heaut.
782 1375 879 1412 526:
917 1374 1101 1421 „auidum
1132 1375 1316 1411 miserum
1348 1378 1467 1423 atque
1499 1371 1693 1410 aridun1“.

199 1442 299 1479 893:
337 1445 510 1488 „uestem
535 1455 674 1479 aurum
705 1446 823 1492 atque
855 1441 1057 1480 ancillas“.
1099 1442 1256 1480 Lucret.
1280 1442 1344 1490 IV,
1365 1443 1465 1479 229:
1504 1440 1695 1488 „Cernere

197 1509 356 1547 odorari
390 1510 483 1547 licet
514 1513 553 1547 et
583 1511 731 1547 sentire
763 1509 946 1548 sonare“.
979 1511 1027 1548 al.
1060 1531 1114 1535 —
1148 1512 1239 1548 567.
1273 1507 1328 1549 αι]
1359 1507 1597 1560 lcc‘nyuorcm
1629 1506 1694 1546 dc-

198 1574 322 1625 devris,
355 1577 596 1626 fatigaveris,
630 1578 676 1616 cf.
701 1578 789 1615 Ter.
808 1578 953 1616 Heaut.
974 1580 1066 1617 807.
1092 1600 1145 1604 —
1173 1580 1264 1617 568.
1300 1574 1494 1627 adfectos,
1527 1579 1695 1615 instruc-

196 1650 278 1694 tos,
321 1646 368 1684 cf.
401 1646 490 1684 Ter.
522 1646 679 1684 Phorm.
715 1648 813 1684 977:
861 1647 1061 1694 „Tantane
1101 1647 1296 1684 adfectum
1336 1660 1572 1697 quemquam
1614 1660 1696 1683 esse

196 1714 395 1752 hominem
427 1712 633 1752 audacia“.
681 1714 803 1752 Cicer.
836 1729 874 1765 p.
901 1715 1062 1753 Plancio
1097 1717 1160 1763 33,
1196 1717 1266 1753 80:
1304 1715 1508 1762 „omnibus
1539 1715 1695 1751 virtuti-

195 1783 269 1821 bus
299 1796 360 1820 me
388 1782 569 1820 affectum
595 1796 677 1820 esse
703 1781 859 1833 cupio“.
884 1803 940 1807 —
966 1785 1058 1821 570.
1083 1781 1251 1833 ‘in-(senio
1278 1783 1420 1821 nostro
1444 1786 1534 1832 post
1556 1792 1696 1832 meque

199 1851 315 1900 teque
348 1850 545 1888 ablativus
578 1865 688 1889 casus
719 1854 772 1889 sit
802 1865 961 1889 necesse
995 1856 1063 1898 est,
1090 1856 1133 1889 ut
1158 1852 1320 1889 verbum
1345 1850 1450 1900 quod
1475 1854 1534 1888 est
1559 1847 1697 1888 <locere

199 1919 303 1969 apud
333 1919 519 1956 Plautum
551 1932 629 1956 non
667 1920 793 1957 solum
834 1933 920 1957 cum
962 1922 1183 1957 accusativo
1223 1921 1397 1956 iunctum
1438 1918 1619 1956 videatur
1659 1922 1697 1955 et

197 2001 284 2024 cum
315 1987 450 2024 dativo
492 1984 586 2034 (vid.
620 1987 670 2025 ad
700 1988 843 2037 Amph.
879 1986 998 2035 813),
1039 1988 1106 2025 sed
1147 1989 1262 2025 etiam
1303 2001 1390 2024 cum
1431 1986 1623 2033 ablativo,
1658 1986 1697 2022 id

197 2055 304 2106 quod
344 2057 384 2092 in
426 2055 620 2094 adiectivo
660 2055 705 2093 fit.
736 2056 820 2093 Mil.
856 2057 957 2094 620:
1009 2070 1158 2106 „neque
1198 2060 1235 2093 te
1275 2056 1418 2093 decora
1456 2068 1581 2104 neque
1620 2055 1696 2091 tuis

198 2114 416 2161 uirtutibus
423 2122 439 2138 ‘⁴
450 2154 458 2162 .

314 2193 406 2230 572.
439 2192 534 2229 Post
567 2188 745 2231 habesne
783 2193 929 2230 hiatus.
991 2193 1136 2229 Miiller
1166 2206 1203 2242 p.
1240 2194 1318 2229 642
1352 2196 1390 2229 et
1419 2191 1581 2229 Nachtr.
1619 2192 1692 2228 103

202 2259 345 2308 „habes
376 2258 502 2298 nunc“
545 2261 718 2298 volebat.
755 2281 802 2285 -
836 2257 1081 2308 Ilm-dolare,
1122 2274 1255 2297 verum
1289 2260 1492 2306 divinasti,
1534 2258 1579 2296 cf.
1612 2258 1694 2295 Mil.

201 2329 321 2366 1248.
360 2349 417 2353 —
458 2329 549 2366 573.
581 2329 844 2366 Accusativus
891 2342 977 2365 cum
1022 2328 1216 2366 infinitivo
1261 2329 1423 2379 ponitur
1463 2327 1499 2363 h.
1539 2326 1564 2364 l.
1605 2329 1696 2375 post

198 2393 352 2446 edepol,
385 2400 429 2433 ut
460 2400 551 2447 post
581 2392 773 2444 fortasse,
808 2396 855 2434 de
888 2410 963 2446 quo
996 2411 1030 2434 v.
1060 2396 1109 2433 ad
1126 2396 1268 2446 Amph.
1289 2397 1382 2433 615.
1410 2415 1461 2418 —
1489 2395 1580 2431 574.
1605 2390 1699 2431 med

198 2477 331 2501 versus
356 2478 472 2502 causa
497 2464 598 2512 edd.,
617 2467 684 2503 vix
700 2466 933 2511 necessario,
953 2478 1191 2514 quamquam
1208 2465 1247 2501 in
1265 2464 1458 2501 similibus
1477 2462 1573 2500 locis
1589 2461 1694 2498 litte-

198 2545 282 2569 ram
298 2533 576 2582 paragogicam
602 2533 748 2570 retinui
764 2533 907 2583 Amph.
929 2534 1006 2571 500
1026 2537 1063 2569 et
1085 2534 1176 2571 556.
1205 2553 1256 2557 -
1283 2542 1401 2581 qaam
1430 2528 1518 2577 (ein.
1538 2529 1596 2566 ed.
1614 2527 1693 2579 pr.)

197 2603 288 2650 post
318 2600 367 2638 ut
395 2600 580 2648 abundat,
613 2601 767 2651 vulgari
793 2602 981 2638 sermonis
1006 2601 1257 2650 negligentia,
1285 2600 1330 2637 cf.
1351 2599 1469 2637 Stich.
1492 2599 1590 2635 570:
1629 2601 1695 2644 „ut

199 2668 407 2719 apologum
432 2669 525 2706 fecit
549 2683 666 2719 quam
690 2668 844 2706 fabre!‘⁴
881 2669 965 2706 Mil.
985 2670 1084 2707 402:
1124 2673 1189 2715 „ut
1215 2668 1263 2705 ad
1288 2668 1327 2705 id
1351 2667 1572 2717 exemplum
1595 2680 1695 2703 som-

199 2737 305 2774 nium
323 2750 438 2786 quam
457 2738 581 2774 simile
598 2736 854 2774 somniavit!“
878 2735 960 2784 (ubi
978 2737 1091 2774 codd.
1117 2734 1289 2786 „quia‘²).
1310 2757 1363 2761 -—
1383 2737 1474 2772 575.
1497 2731 1693 2772 continui.

198 2804 338 2842 Altera
368 2818 503 2842 versus
542 2805 702 2854 dipodia
740 2806 778 2842 in
819 2809 1016 2856 anapaesto
1054 2806 1310 2851 terminatur,
1351 2803 1454 2853 quod
1493 2802 1577 2839 fieri
1617 2816 1693 2839 non

200 2871 336 2920 debet3
369 2886 489 2922 quare
520 2873 633 2911 Both.
671 2871 866 2920 „contini“
904 2886 1019 2910 ausus
1051 2876 1128 2919 est,
1161 2872 1220 2909 Fl.
1260 2873 1363 2918 „risu
1396 2869 1477 2908 inc“
1523 2870 1692 2919 scripsit,

199 2953 276 2990 quo
300 2939 357 2988 fit,
382 2944 427 2978 ut
450 2945 589 2991 pereat
613 2941 796 2978 diaeresis.
821 2961 877 2966 —-
906 2936 1187 2988 „Inclccmccrffl
1219 2941 1275 2976 ait
1297 2939 1402 2976 Fest.
1421 2938 1526 2988 Epit.
1553 2952 1591 2988 p.
1615 2938 1691 2974 108
