1926 3275
787 298 1068 344 Prolegomena.
1601 305 1620 343 1
1627 304 1651 343 9
1660 305 1676 342 1

172 429 339 467 Plautus
369 429 459 467 Aul.
494 430 690 467 408-38
724 432 764 467 et
792 430 833 467 in
864 428 989 467 Stichi
1019 429 1217 479 principio
1257 442 1351 466 usus
1384 432 1456 466 est.
1516 428 1575 467 De
1604 429 1681 467 hoc

171 510 290 535 versu
319 497 446 534 multa
475 498 583 534 varie
615 497 820 547 disputata
852 500 954 534 sunt.
1000 496 1231 534 Reizianum
1259 497 1465 547 appellant
1491 498 1574 535 eius
1604 498 1682 535 viri

171 566 352 613 nomine,
385 565 455 615 qui
485 566 638 615 primus
669 565 720 602 acl
752 579 842 602 eum
872 566 1053 602 vanimum
1092 565 1277 603 advertit.
1339 564 1388 602 Ei
1417 565 1610 603 iambicus
1640 566 1682 602 in

172 633 364 682 syllabam
395 633 648 671 catalecticus
685 633 914 680 videbatur,
949 633 1061 682 quasi
1093 646 1140 670 ex
1171 634 1328 671 senario
1360 633 1498 671 addita
1527 633 1681 682 syllaba

172 704 301 749 ortus3
340 701 410 739 sed.
448 714 518 738 nec
555 714 712 748 versus,
753 701 822 751 qui
861 701 1033 751 dipodiis
1072 700 1369 748 describuntur,
1412 702 1454 738 in
1485 701 1681 750 syllabam

170 783 289 807 unam
322 769 572 807 catalecticos
602 770 705 806 ratio
736 770 825 817 fert,
858 783 985 819 neque
1016 782 1095 806 una
1124 769 1208 806 haec
1235 769 1344 806 illius
1371 782 1507 807 versus
1530 770 1680 818 species

171 841 242 875 est.
290 837 558 887 Compositum
591 837 786 888 appellari
816 838 949 887 potius
981 837 1105 884 decet,
1138 838 1248 874 cuius
1274 837 1386 887 prior
1408 849 1501 886 pars
1526 850 1682 887 semper

168 905 359 943 iambicus
390 905 558 942 dimeter
588 906 659 952 sit,
694 908 734 942 et
765 905 924 955 quidem
964 918 1010 942 ea
1046 905 1132 954 lege
1171 905 1405 952 adstrictus,
1437 908 1483 942 ut
1513 909 1678 955 quartus

168 974 323 1011 iambus
346 974 488 1023 utique
512 974 669 1021 integer
694 974 757 1020 sit,
792 987 879 1010 cum
911 986 1034 1023 eoque
1065 986 1144 1009 vox
1173 974 1412 1010 terminetur
1446 971 1495 1021 (c
1514 999 1560 1004 —
1580 989 1614 1007 ε
1633 999 1680 1004 —

169 1058 203 1077 ε
225 1067 270 1072 -
297 1062 327 1073 v
352 1038 427 1088 —).
489 1041 629 1078 Altera
667 1054 781 1091 pars,
824 1044 915 1091 post
955 1040 1159 1088 diaeresin,
1202 1041 1300 1078 duas
1330 1042 1501 1078 maxime
1532 1042 1678 1079 formas

168 1109 308 1157 habet;
348 1112 416 1146 aut
454 1109 558 1146 enim
590 1123 638 1146 ex
670 1109 824 1147 duobus
863 1109 1006 1146 iambis
1039 1112 1078 1146 et
1106 1108 1280 1146 trochaeo
1313 1112 1469 1146 constat
1503 1107 1553 1157 (z-
1576 1135 1621 1140 -
1645 1126 1681 1144 U

168 1203 213 1208 --
237 1203 282 1208 -
305 1174 356 1224 ε)
389 1180 435 1214 ut
467 1177 518 1213 ad
549 1176 854 1214 choliambicum
884 1190 1007 1227 genus
1038 1177 1178 1214 referri
1211 1177 1372 1224 debeat,
1406 1180 1474 1214 aut
1502 1177 1679 1227 tripodia

168 1314 404 1363 plerumque
436 1316 660 1363 anapaestus
691 1313 951 1351 substituitur
983 1310 1032 1360 (z
1055 1339 1100 1344 —
1127 1334 1157 1344 v
1184 1334 1214 1344 υ
1239 1338 1284 1343 -
1308 1310 1373 1360 ε).
1426 1312 1503 1350 Sed
1534 1314 1575 1350 in
1605 1313 1678 1350 hac

169 1395 326 1431 quoque
365 1382 495 1432 specie
532 1382 758 1419 trochaicus
798 1382 927 1418 exitus
965 1381 1176 1418 manifesto
1216 1383 1399 1430 apparet,
1439 1384 1484 1418 ut
1514 1380 1679 1418 eandem

169 1450 384 1487 clausulam
426 1450 506 1487 sive
537 1450 782 1487 trochaicam
814 1451 896 1487 sive
926 1450 1183 1499 logaoedicam
1216 1462 1302 1486 cum
1335 1449 1516 1486 anacrusi
1547 1449 1677 1486 dicere

167 1519 384 1567 possimus,
417 1521 462 1554 ut
492 1521 538 1555 ut
565 1521 636 1565 est,
663 1531 801 1555 versus
828 1517 875 1555 ab
898 1517 1040 1554 iambis
1064 1518 1258 1566 incipiens
1282 1518 1483 1555 contraria
1506 1519 1675 1564 ratione,

166 1586 193 1622 i.
228 1599 260 1622 e.
293 1585 506 1633 trochaice,
537 1586 786 1623 terminatur.
841 1585 937 1623 Cum
968 1586 1103 1635 priore
1134 1586 1259 1622 forma
1291 1586 1539 1634 aliquatenus
1572 1599 1677 1623 coni-

167 1653 299 1703 parari
329 1656 462 1703 potest
491 1666 627 1691 versus
649 1653 890 1703 Euripideus
921 1653 1239 1702 quattuordecim
1271 1653 1525 1702 syllabarum,
1559 1667 1674 1702 quem

167 1721 399 1771 Hephaestio
448 1722 520 1768 15,
566 1722 587 1758 9
636 1724 919 1759 commemorat
972 1719 1090 1769 (Ἑῷος
1135 1721 1226 1767 ’ἡνίχ’
1274 1721 1431 1763 ἱππότας
1476 1723 1675 1771 efflatam

168 1787 317 1838 ἀστήρ),
368 1789 493 1826 altera
537 1789 828 1839 Aristophanes
882 1802 955 1839 pro
1009 1789 1185 1826 clausula
1237 1790 1461 1838 systematis
1514 1789 1675 1826 iambici

165 1871 261 1895 usus
301 1860 360 1895 est
397 1857 487 1894 Pac.
522 1858 602 1895 840
636 1871 692 1906 sq.
734 1855 771 1904 (ἢ
811 1858 1034 1905 συκοφάντης
1075 1857 1196 1901 ἄλλος,
1236 1857 1394 1906 οἰμώζων
1432 1855 1672 1905 καθεδεῖται).

169 1927 248 1963 846
281 1939 338 1975 sq.
374 1926 453 1963 852
486 1921 608 1975 sq.*).

281 1993 411 2031 Ceteri
442 2006 578 2030 versus
610 1994 821 2042 compositi
851 2007 929 2030 non
962 1994 1051 2029 κατὰ
1082 1995 1207 2039 στίχον
1237 1993 1505 2039 inveniuntur,
1534 1992 1602 2029 sed
1633 1993 1673 2029 in

165 2061 416 2099 liberioribus
463 2063 625 2098 canticis
669 2062 820 2111 passim
863 2064 1084 2099 occurrunt.
1147 2061 1257 2098 Fieri
1295 2064 1445 2111 potest,
1487 2065 1530 2098 ut
1568 2061 1673 2098 idem

165 2142 302 2166 versus
334 2133 403 2166 aut
433 2129 539 2166 idem
579 2129 788 2179 rhythmus
827 2133 1054 2179 repetatur,
1087 2130 1258 2166 maxime
1289 2129 1358 2166 ubi
1389 2130 1671 2166 sententiarum

200 2260 232 2304 *)
257 2260 373 2294 Paulo
405 2260 512 2294 aliter
538 2259 831 2295 Studemundius
864 2260 923 2304 (de
949 2260 1112 2294 Canticis
1142 2272 1176 2304 p.
1204 2262 1248 2294 30
1273 2272 1324 2304 sq.
1375 2259 1574 2304 Festgruss
1608 2259 1676 2293 der

256 2316 557 2361 philologischen
584 2316 826 2351 Gesellschaft
849 2329 893 2350 zu
918 2317 1126 2360 Wiirzburg
1154 2318 1257 2359 1868,
1283 2328 1318 2360 p.
1346 2316 1400 2356 53)
1427 2317 1672 2360 posteriorem

256 2384 382 2407 versus
408 2376 552 2417 partem
578 2373 777 2407 iambicum
804 2373 1285 2408 dimetrum'catalecticum
1306 2376 1549 2416 syncopatum
1570 2373 1671 2406 dicit.

257 2428 363 2472 Quod
395 2433 519 2463 autem
546 2428 744 2464 Saturnios
776 2430 927 2473 quidam
957 2431 1026 2464 hos
1056 2442 1181 2464 versus
1207 2430 1460 2474 appellarunt,
1488 2432 1528 2463 ut
1552 2441 1674 2473 nuper

256 2486 445 2520 Fritzsche
470 2486 508 2520 in
533 2486 715 2530 Philolog.
741 2486 907 2530 XXXIV,
934 2499 967 2531 p.
998 2488 1061 2521 136
1088 2498 1183 2530 sqq.,
1211 2487 1371 2520 ambitus
1405 2486 1512 2520 huius
1546 2498 1670 2520 versus

257 2544 302 2576 ab
336 2555 379 2577 ea
410 2542 546 2586 forma,
585 2555 694 2586 quam
730 2543 955 2587 posteriores
994 2543 1227 2587 grammatici
1265 2543 1470 2586 legitimam
1506 2542 1668 2576 Saturnii

255 2612 385 2634 versus
428 2611 506 2633 esse
550 2599 737 2633 docebant
774 2599 960 2642 („Dal›unt
997 2600 1133 2632 malum
1168 2599 1309 2633 Metelli
1342 2599 1473 2633 Naevio
1510 2598 1668 2643 p‹›etae‘·l

255 2667 384 2700 parum
411 2656 545 2698 differt,
572 2655 635 2689 sed
660 2656 739 2690 illic
765 2667 906 2690 caesura
932 2659 987 2690 est
1013 2656 1050 2690 in
1078 2659 1209 2700 quarto
1235 2656 1344 2700 pede,
1370 2656 1430 2689 hie
1456 2658 1541 2699 post
1567 2666 1671 2699 quar—

256 2716 334 2746 tum
365 2713 497 2757 pedem
530 2712 695 2745 diaeresis
727 2724 748 2746 a
774 2712 908 2746 Plauto
939 2724 1140 2756 numquam
1170 2714 1351 2756 neglecta.
1400 2713 1583 2756 Equidem
1610 2712 1670 2745 Sa-

255 2770 464 2803 turuiorum
484 2769 671 2802 licentiam
692 2769 730 2802 in
747 2769 958 2803 Plautiuam
981 2770 1077 2803 hanc
1103 2769 1258 2803 formam
1283 2769 1471 2803 interdum
1497 2769 1670 2803 devenire

256 2826 422 2869 potuisse
455 2825 607 2858 minime
638 2825 801 2869 negabo3
827 2826 1004 2859 Plautum
1030 2826 1067 2859 in
1092 2827 1247 2870 palliata
1278 2826 1461 2860 coxnoedia
1487 2826 1669 2860 Saturniis

254 2882 379 2925 potius
405 2893 513 2925 quam
541 2880 679 2916 Graecis
706 2882 872 2917 versibus
900 2895 1004 2916 usum
1032 2894 1110 2917 csse
1135 2894 1212 2916 non
1238 2882 1358 2916 credo.
