1926 3275
837 305 878 347 Y.
906 307 1097 341 758—773.
1639 313 1718 353 311

201 435 315 472 '2292
361 433 494 481 „Idem
533 437 594 470 ter
632 435 760 471 socios
799 448 899 484 pura
941 436 1182 472 circumtulit
1222 435 1368 474 unda“.
1430 437 1530 475 Item
1563 437 1722 477 Servius

210 502 266 540 ad
295 502 334 539 h.
363 502 411 539 l.:
450 501 738 548 „Circumtulit,
771 505 970 551 purgauit.
1003 504 1223 553 Antiquum
1247 504 1411 542 verbum
1435 510 1506 543 est.
1538 506 1720 544 Plautus:

211 569 289 607 Pro
327 570 482 606 laruato
525 574 564 606 te
603 570 895 616 circumferam,
930 571 955 608 i.
989 584 1020 607 e.
1052 570 1269 621 purgabo“.
1331 573 1406 618 Qui
1443 577 1578 610 utrum
1617 574 1722 612 hunc

207 637 516 688 Amphitruonis
554 638 684 675 locum
724 651 865 687 parum
908 642 1090 675 accurate
1123 641 1323 687 citaverit,
1365 654 1414 678 an
1452 642 1619 679 similem
1650 642 1720 679 ali-

212 719 329 755 quem
369 706 467 743 alius
509 706 706 743 comoediae
751 706 953 753 habuerit,
987 720 1065 743 non
1097 707 1285 745 diiudico.
1318 728 1373 734 —
1403 709 1499 746 Post
1534 711 1721 756 „circum-

212 772 334 811 ferri⁴⁴
370 774 502 811 hiatus
534 774 574 810 in
606 787 765 811 caesura.
812 774 960 811 Muller
996 774 1079 820 „Ita
1105 774 1268 825 edepol“
1298 777 1509 814 scribebat.
1530 798 1586 802 —
1608 774 1720 816 Ede-

209 839 283 890 pol
323 839 409 890 qui.
477 838 554 890 Qui
592 842 695 891 apud
734 841 919 879 Plautum
961 843 1212 880 asseverandi
1250 844 1414 882 vocibus
1453 845 1631 893 additur,
1671 847 1719 884 cf.

213 923 334 959 supra
367 911 461 947 699.
520 905 687 958 Edepol
719 907 790 959 qui-
822 912 930 946 extat
960 910 1069 947 Asin.
1105 912 1198 948 551.
1230 911 1316 949 Mil.
1351 914 1444 950 779.
1477 913 1583 950 Pers.
1619 915 1718 960 5633

209 978 371 1015 ecastor
402 974 471 1026 qui
496 977 607 1014 Asin.
639 978 739 1022 9213
773 973 906 1015 hercle
937 975 1008 1026 qui
1033 978 1151 1015 Most.
1179 980 1272 1016 812.
1305 979 1412 1017 Men.
1442 982 1563 1018 1070.
1596 981 1718 1019 Mero.

209 1047 306 1083 405.
341 1046 434 1082 997.
480 1044 625 1082 Pseud.
659 1046 753 1082 473.
806 1045 928 1083 Stich.
964 1048 1056 1083 559.
1112 1046 1221 1084 Τ1·111.
1255 1048 1349 1084 464.
1383 1068 1437 1072 —-
1470 1050 1564 1086 770.
1599 1046 1716 1088 ῖανῑιίι

208 1113 315 1162 apud
341 1113 525 1150 Plautum
561 1113 811 1161 trisyllabum
843 1117 902 1150 est
933 1114 1179 1163 primamque
1210 1114 1365 1164 longam
1399 1116 1529 1153 habet.
1576 1116 1717 1154 Laruae

208 1182 402 1218 insaniam
435 1181 595 1218 iniicere
627 1181 900 1227 credebantur,
933 1195 969 1218 v.
1001 1182 1092 1219 Aul.
1129 1182 1228 1219 632:
1268 1182 1431 1228 „Laruae
1464 1184 1567 1221 hunc
1597 1188 1717 1234 atque

207 1249 450 1298 intemperiae
482 1249 735 1298 insaniaeque
767 1250 921 1297 agitant
953 1248 1124 1286 senem“.
1189 1249 1300 1299 Capt.
1337 1252 1437 1288 592:
1483 1252 1588 1299 „Iam
1620 1252 1716 1289 deli-

207 1321 388 1354 ramenta
419 1317 609 1365 loquitur,
642 1318 762 1354 laruae
795 1317 999 1354 stimulant
1023 1315 1193 1354 virum“.
1235 1314 1452 1356 Laruaffzcs
1477 1323 1516 1356 et
1541 1318 1716 1358 cerritus·

207 1398 424 1434 synonyma
456 1389 566 1431 sunt,
600 1398 636 1421 v.
670 1385 772 1422 infra
807 1387 926 1424 1049.
973 1386 1079 1423 Men.
1115 1388 1214 1423 875:
1261 1386 1389 1431 „Num
1420 1388 1618 1425 laruatust
1649 1393 1716 1426 aut

205 1450 429 1490 ce1*1‘itus?“
456 1473 514 1477 -—
538 1454 631 1490 771.
657 1449 741 1490 Em
766 1453 901 1490 eadem
927 1453 1214 1503 significatione
1246 1458 1364 1503 atque
1397 1466 1447 1492 en
1478 1455 1584 1504 apud
1616 1457 1714 1493 anti-

207 1534 305 1571 quos
342 1522 514 1570 positum
554 1534 637 1558 esse
677 1520 876 1558 Charisius
908 1535 946 1570 p.
982 1522 1080 1568 240,
1125 1523 1174 1558 16
1208 1523 1255 1558 Κ.
1297 1526 1433 1559 auctor
1464 1527 1540 1569 est,
1585 1524 1713 1561 locum

205 1590 378 1638 aliquem
410 1589 574 1626 Gracchi
613 1588 779 1626 afferens
812 1593 851 1626 et
881 1589 1011 1626 Plauti
1042 1590 1148 1626 Poen.
1183 1591 1276 1627 729.
1339 1590 1449 1639 Saepe
1490 1591 1636 1628 dicitur
1675 1593 1715 1628 in

206 1657 450 1694 verberando
482 1653 566 1695 Em
598 1653 680 1704 tibi,
714 1671 750 1695 v,
782 1657 892 1695 Asin.
926 1659 1006 1695 428
1040 1658 1226 1706 locosque
1262 1658 1316 1695 ibi
1349 1659 1500 1705 allatos,
1534 1659 1603 1696 sed
1633 1673 1713 1696 non

206 1726 335 1762 minus
367 1738 481 1774 saepe,
515 1727 547 1761 si
580 1725 781 1762 codicibus
806 1725 1013 1771 credimus,
1046 1728 1219 1774 ponitur,
1254 1726 1320 1762 ubi
1352 1726 1447 1774 quid
1481 1727 1714 1776 simpliciter

205 1792 454 1840 ostenditur3
496 1798 540 1830 ut
578 1793 687 1830 Asin.
723 1794 816 1830 871.
862 1793 952 1830 Aul.
995 1794 1087 1831 631.
1130 1794 1222 1831 640.
1269 1794 1410 1831 Bacch.
1453 1797 1547 1833 802.
1592 1797 1711 1833 1016.

207 1859 320 1910 Capt.
356 1862 450 1898 371.
487 1862 579 1898 534.
615 1863 708 1898 851.
750 1860 861 1899 Cure.
899 1863 990 1898 121.
1031 1862 1152 1900 Most.
1188 1863 1279 1898 326.
1315 1863 1408 1899 792.
1446 1864 1564 1899 1161.
1608 1863 1711 1900 Men.

208 1930 302 1966 612.
334 1929 419 1966 Mil.
455 1930 546 1966 367.
583 1930 676 1966 894.
708 1929 830 1966 Mero.
861 1931 951 1966 148.
987 1931 1079 1967 309.
1115 1931 1192 1967 693
1227 1943 1284 1979 sq.
1318 1930 1459 1967 Pseud.
1488 1932 1581 1968 759.
1616 1931 1711 1968 894.

207 1998 301 2034 896.
335 1997 440 2034 Poen.
478 1999 568 2034 159.
606 1998 696 2034 161.
732 1999 825 2035 207.
858 1997 978 2035 Stich.
1014 1999 1107 2034 724.
1148 1998 1254 2034 Trin.
1291 1999 1326 2035 3.
1359 2018 1416 2022 -—-
1446 1995 1548 2035 mellei
1578 2011 1713 2035 mono-

206 2065 402 2113 syllabum
426 2069 498 2102 est.
525 2085 581 2089 *-
603 2065 800 2103 Alcmenae
832 2079 971 2102 nomen
994 2062 1191 2115 'proximis
1224 2066 1356 2103 verbis
1389 2065 1707 2115 anteponendum

205 2137 245 2170 et
275 2143 385 2171 ‘mone
414 2130 499 2170 icem
531 2132 778 2170 scribendum
811 2147 894 2170 esse
929 2134 1023 2170 olim
1049 2134 1291 2170 intellectum
1315 2138 1384 2171 est.
1409 2153 1465 2158 —
1491 2135 1583 2170 772.
1610 2144 1712 2182 qaae

204 2199 317 2250 facta
349 2215 401 2238 sc.
435 2204 542 2247 sunt,
583 2214 619 2237 v.
653 2201 703 2237 ad
733 2215 769 2238 v.
805 2203 898 2239 590.
930 2222 987 2226 —
1019 2203 1113 2238 774.
1148 2198 1214 2239 illi-
1253 2201 1335 2238 cod.
1369 2201 1420 2247 B,
1458 2215 1494 2238 v.
1531 2203 1624 2239 530.
1656 2222 1712 2225 —

207 2270 301 2305 775.
332 2265 676 2317 praestiffl'scz‘rzss‘c.
744 2269 863 2306 Vocis
908 2274 1048 2318 utpote
1095 2284 1116 2306 a
1161 2269 1476 2319 praestringendo
1523 2268 1710 2306 derivatae

205 2337 369 2386 propria
415 2336 541 2373 forma
592 2336 949 2385 „praestrigiatrix“
1002 2351 1085 2374 esse
1131 2337 1306 2383 videtur,
1357 2350 1520 2385 eamque
1568 2336 1712 2385 ubique

205 2403 346 2441 Plauto
379 2404 662 2440 restituendam
695 2404 877 2441 censebat
909 2405 1078 2454 Spengel
1109 2405 1158 2442 ad
1188 2405 1344 2442 Trucul.
1371 2404 1399 2451 I,
1428 2406 1462 2451 2,
1485 2405 1548 2441 32.
1590 2404 1710 2440 Extat

206 2474 310 2509 enim
336 2471 425 2509 Aul.
455 2472 533 2509 620
568 2472 607 2508 in
633 2472 664 2508 B
698 2475 735 2508 ct
761 2471 807 2508 D.
855 2472 961 2509 Poen.
1000 2474 1103 2509 1128
1137 2474 1177 2509 in
1201 2472 1243 2509 B.
1291 2473 1450 2509 Trucul.
1488 2473 1564 2509 135
1598 2473 1638 2508 in
1664 2472 1709 2508 A.

203 2559 262 2564 ——
286 2536 413 2577 multo
436 2550 488 2576 m.
515 2537 718 2586 mai-{vum
753 2540 799 2577 de
827 2540 964 2577 ordine
989 2540 1200 2577 verborum
1233 2540 1278 2577 cf.
1300 2542 1392 2576 721.
1423 2559 1471 2564 -—
1502 2541 1594 2576 776.
1623 2549 1708 2576 eam

206 2621 341 2644 verum
380 2621 462 2644 esse
502 2620 578 2643 non
617 2612 770 2657 potest3
813 2604 979 2645 eins-olem
1017 2608 1269 2645 scribendum
1310 2621 1393 2645 esse
1441 2621 1488 2644 ex
1528 2608 1710 2657 proximo

205 2688 321 2712 versu
361 2674 493 2712 docuit
524 2675 686 2721 Muller,
730 2676 954 2723 Nachtriige
984 2690 1022 2725 p.
1058 2677 1122 2713 60.
1155 2696 1211 2699 —
1244 2677 1336 2713 777.
1371 2672 1458 2713 Res
1493 2676 1610 2725 [jesia
1651 2675 1714 2712 (²51²

206 2739 318 2790 bene,
352 2744 376 2779 i.
402 2757 433 2780 e.
467 2756 506 2779 se
538 2743 636 2779 bene
668 2743 798 2790 habet,
833 2749 875 2780 ut
907 2745 947 2780 111
978 2745 1169 2792 proximis
1203 2744 1390 2781 ostendit.
1415 2763 1471 2768 --
1494 2744 1588 2780 778.
1616 2742 1709 2779 Post

198 2808 407 2859 peperi-sti
444 2810 595 2856 hiatus,
638 2812 746 2848 cuius
786 2812 937 2848 vitandi
978 2825 1095 2849 causa
1125 2811 1207 2848 FL:
1245 2812 1327 2857 „Tu
1359 2811 1478 2849 alium
1516 2812 1710 2860 peperisti
