<?xml version="1.0" encoding="UTF-8"?>
<!DOCTYPE html PUBLIC "-//W3C//DTD XHTML 1.0 Transitional//EN"
    "http://www.w3.org/TR/xhtml1/DTD/xhtml1-transitional.dtd">
<html xmlns="http://www.w3.org/1999/xhtml" xml:lang="en" lang="en">
 <head>
  <title>
</title>
<meta http-equiv="Content-Type" content="text/html;charset=utf-8" />
  <meta name='ocr-system' content='tesseract 3.04.00' />
  <meta name='ocr-capabilities' content='ocr_page ocr_carea ocr_par ocr_line ocrx_word'/>
</head>
<body>
  <div class='ocr_page' id='page_1' title='image "./comoediaerecensv01plauuoft_0294.png"; bbox 0 0 1926 3275; ppageno 0'>
   <div class='ocr_carea' id='block_1_1' title="bbox 241 316 1109 361">
    <p class='ocr_par' dir='ltr' id='par_1_1' title="bbox 241 316 1109 361">
     <span class='ocr_line' id='line_1_1' title="bbox 241 316 1109 361; baseline 0.002 -13"><span class='ocrx_word' id='word_1_1' title='bbox 241 320 265 358; x_wconf 79' lang='lat'><strong>2</strong></span> <span class='ocrx_word' id='word_1_2' title='bbox 273 320 324 358; x_wconf 73' lang='lat'>74</span> <span class='ocrx_word' id='word_1_3' title='bbox 873 316 1109 361; x_wconf 88' lang='lat' dir='ltr'>Amphitruo.</span> 
     </span>
    </p>
   </div>
   <div class='ocr_carea' id='block_1_2' title="bbox 239 441 1749 2919">
    <p class='ocr_par' dir='ltr' id='par_1_2' title="bbox 239 441 1749 2919">
     <span class='ocr_line' id='line_1_2' title="bbox 241 441 1744 493; baseline 0.001 -12"><span class='ocrx_word' id='word_1_4' title='bbox 241 444 399 491; x_wconf 80' lang='lat' dir='ltr'>datum,</span> <span class='ocrx_word' id='word_1_5' title='bbox 440 449 484 482; x_wconf 85' lang='lat' dir='ltr'>ut</span> <span class='ocrx_word' id='word_1_6' title='bbox 517 445 609 482; x_wconf 88' lang='lat'>369.</span> <span class='ocrx_word' id='word_1_7' title='bbox 671 444 809 481; x_wconf 93' lang='lat' dir='ltr'>Denuo</span> <span class='ocrx_word' id='word_1_8' title='bbox 851 458 939 481; x_wconf 91' lang='lat' dir='ltr'>eum</span> <span class='ocrx_word' id='word_1_9' title='bbox 977 444 1153 493; x_wconf 88' lang='lat' dir='ltr'>pulsavit</span> <span class='ocrx_word' id='word_1_10' title='bbox 1183 444 1416 482; x_wconf 87' lang='lat' dir='ltr'>Mercurius.</span> <span class='ocrx_word' id='word_1_11' title='bbox 1448 465 1504 470; x_wconf 87' lang='lat'>———</span> <span class='ocrx_word' id='word_1_12' title='bbox 1536 446 1630 483; x_wconf 89' lang='lat'>373.</span> <span class='ocrx_word' id='word_1_13' title='bbox 1662 441 1744 483; x_wconf 89' lang='lat' dir='ltr'>LO-</span> 
     </span>
     <span class='ocr_line' id='line_1_3' title="bbox 243 511 1744 560; baseline 0 -10"><span class='ocrx_word' id='word_1_14' title='bbox 243 523 365 560; x_wconf 77' lang='lat' dir='ltr'>(Jnere</span> <span class='ocrx_word' id='word_1_15' title='bbox 396 526 467 549; x_wconf 86' lang='lat' dir='ltr'>em.</span> <span class='ocrx_word' id='word_1_16' title='bbox 495 512 672 549; x_wconf 88' lang='lat' dir='ltr'>Lindem.</span> <span class='ocrx_word' id='word_1_17' title='bbox 706 526 821 549; x_wconf 88' lang='lat' dir='ltr'>versu</span> <span class='ocrx_word' id='word_1_18' title='bbox 852 512 1023 559; x_wconf 88' lang='lat' dir='ltr'>iubente,</span> <span class='ocrx_word' id='word_1_19' title='bbox 1058 513 1145 549; x_wconf 95' lang='grc'><strong>0011.</strong></span> <span class='ocrx_word' id='word_1_20' title='bbox 1178 511 1296 549; x_wconf 89' lang='lat' dir='ltr'>Most.</span> <span class='ocrx_word' id='word_1_21' title='bbox 1326 513 1431 550; x_wconf 90' lang='lat'>1099</span> <span class='ocrx_word' id='word_1_22' title='bbox 1465 516 1503 549; x_wconf 89' lang='lat' dir='ltr'>et</span> <span class='ocrx_word' id='word_1_23' title='bbox 1537 514 1655 550; x_wconf 89' lang='lat'>1118.</span> <span class='ocrx_word' id='word_1_24' title='bbox 1689 533 1744 538; x_wconf 88' lang='lat'><strong>—</strong></span> 
     </span>
     <span class='ocr_line' id='line_1_4' title="bbox 244 576 1744 630; baseline 0.001 -13"><span class='ocrx_word' id='word_1_25' title='bbox 244 582 337 617; x_wconf 92' lang='lat'>374.</span> <span class='ocrx_word' id='word_1_26' title='bbox 375 578 533 630; x_wconf 69' lang='lat' dir='ltr'>Quoius</span> <span class='ocrx_word' id='word_1_27' title='bbox 565 590 606 618; x_wconf 82' lang='lat' dir='ltr'>CS</span> <span class='ocrx_word' id='word_1_28' title='bbox 632 581 805 630; x_wconf 90' lang='lat' dir='ltr'>primum</span> <span class='ocrx_word' id='word_1_29' title='bbox 832 580 973 630; x_wconf 88' lang='lat' dir='ltr'>pedem</span> <span class='ocrx_word' id='word_1_30' title='bbox 999 579 1160 616; x_wconf 87' lang='lat' dir='ltr'>faciunt.</span> <span class='ocrx_word' id='word_1_31' title='bbox 1186 600 1240 604; x_wconf 95' lang='lat'><strong>—</strong></span> <span class='ocrx_word' id='word_1_32' title='bbox 1268 581 1361 617; x_wconf 90' lang='lat'>377.</span> <span class='ocrx_word' id='word_1_33' title='bbox 1387 576 1535 618; x_wconf 70' lang='lat' dir='ltr'>Etiam</span> <span class='ocrx_word' id='word_1_34' title='bbox 1564 577 1744 619; x_wconf 52' lang='lat' dir='ltr'>mutus?</span> 
     </span>
     <span class='ocr_line' id='line_1_5' title="bbox 241 645 1742 697; baseline 0.001 -13"><span class='ocrx_word' id='word_1_35' title='bbox 241 649 265 685; x_wconf 89' lang='lat' dir='ltr'>i.</span> <span class='ocrx_word' id='word_1_36' title='bbox 300 661 331 685; x_wconf 89' lang='lat' dir='ltr'>e.</span> <span class='ocrx_word' id='word_1_37' title='bbox 363 648 546 685; x_wconf 90' lang='lat' dir='ltr'>Nondum</span> <span class='ocrx_word' id='word_1_38' title='bbox 577 647 712 684; x_wconf 76' lang='lat' dir='ltr'>taces?</span> <span class='ocrx_word' id='word_1_39' title='bbox 742 668 799 673; x_wconf 92' lang='lat'>—</span> <span class='ocrx_word' id='word_1_40' title='bbox 832 649 924 685; x_wconf 87' lang='lat'>378.</span> <span class='ocrx_word' id='word_1_41' title='bbox 959 645 1031 696; x_wconf 66' lang='lat' dir='ltr'>(saci</span> <span class='ocrx_word' id='word_1_42' title='bbox 1065 658 1222 694; x_wconf 71' lang='lat' dir='ltr'>uocare,</span> <span class='ocrx_word' id='word_1_43' title='bbox 1255 648 1279 684; x_wconf 91' lang='lat' dir='ltr'>i.</span> <span class='ocrx_word' id='word_1_44' title='bbox 1310 661 1342 684; x_wconf 88' lang='lat' dir='ltr'>e.</span> <span class='ocrx_word' id='word_1_45' title='bbox 1377 661 1453 697; x_wconf 90' lang='lat' dir='ltr'>quo</span> <span class='ocrx_word' id='word_1_46' title='bbox 1484 649 1661 695; x_wconf 89' lang='lat' dir='ltr'>nomine,</span> <span class='ocrx_word' id='word_1_47' title='bbox 1693 649 1742 685; x_wconf 87' lang='lat' dir='ltr'>cf.</span> 
     </span>
     <span class='ocr_line' id='line_1_6' title="bbox 240 712 1742 764; baseline 0.001 -12"><span class='ocrx_word' id='word_1_48' title='bbox 240 715 380 752; x_wconf 84' lang='lat' dir='ltr'>Bacch.</span> <span class='ocrx_word' id='word_1_49' title='bbox 407 717 508 752; x_wconf 88' lang='lat'>469:</span> <span class='ocrx_word' id='word_1_50' title='bbox 546 729 672 764; x_wconf 80' lang='lat' dir='ltr'>„quae</span> <span class='ocrx_word' id='word_1_51' title='bbox 696 715 917 753; x_wconf 73' lang='lat' dir='ltr'>vocatur‘?“.</span> <span class='ocrx_word' id='word_1_52' title='bbox 941 735 997 740; x_wconf 84' lang='lat'>—</span> <span class='ocrx_word' id='word_1_53' title='bbox 1023 717 1116 752; x_wconf 93' lang='lat'>379.</span> <span class='ocrx_word' id='word_1_54' title='bbox 1144 712 1283 754; x_wconf 70' lang='lat' dir='ltr'>aiebas</span> <span class='ocrx_word' id='word_1_55' title='bbox 1306 718 1386 753; x_wconf 83' lang='lat' dir='ltr'>iam</span> <span class='ocrx_word' id='word_1_56' title='bbox 1409 718 1449 753; x_wconf 89' lang='lat' dir='ltr'>in</span> <span class='ocrx_word' id='word_1_57' title='bbox 1474 716 1586 753; x_wconf 87' lang='lat' dir='ltr'><strong>codd.</strong></span> <span class='ocrx_word' id='word_1_58' title='bbox 1614 730 1742 754; x_wconf 89' lang='lat' dir='ltr'>emen-</span> 
     </span>
     <span class='ocr_line' id='line_1_7' title="bbox 242 779 1744 834; baseline 0 -14"><span class='ocrx_word' id='word_1_59' title='bbox 242 783 388 820; x_wconf 79' lang='lat' dir='ltr'>datum.</span> <span class='ocrx_word' id='word_1_60' title='bbox 413 803 471 808; x_wconf 87' lang='lat'>-—-</span> <span class='ocrx_word' id='word_1_61' title='bbox 497 779 785 821; x_wconf 68' lang='lat' dir='ltr'>Peccaucram.</span> <span class='ocrx_word' id='word_1_62' title='bbox 827 783 1261 833; x_wconf 77' lang='lat' dir='ltr'>Plusquamperfectum</span> <span class='ocrx_word' id='word_1_63' title='bbox 1284 796 1356 832; x_wconf 87' lang='lat' dir='ltr'>pro</span> <span class='ocrx_word' id='word_1_64' title='bbox 1380 783 1612 833; x_wconf 89' lang='lat' dir='ltr'>imperfecto</span> <span class='ocrx_word' id='word_1_65' title='bbox 1636 785 1744 834; x_wconf 84' lang='lat' dir='ltr'>posi·</span> 
     </span>
     <span class='ocr_line' id='line_1_8' title="bbox 240 849 1741 901; baseline 0.002 -14"><span class='ocrx_word' id='word_1_66' title='bbox 240 855 342 898; x_wconf 84' lang='lat' dir='ltr'>tuni,</span> <span class='ocrx_word' id='word_1_67' title='bbox 385 851 492 901; x_wconf 88' lang='lat' dir='ltr'>quod</span> <span class='ocrx_word' id='word_1_68' title='bbox 530 853 673 901; x_wconf 74' lang='lat' dir='ltr'>saepius</span> <span class='ocrx_word' id='word_1_69' title='bbox 711 850 756 888; x_wconf 90' lang='lat' dir='ltr'>fit</span> <span class='ocrx_word' id='word_1_70' title='bbox 794 854 835 888; x_wconf 90' lang='lat' dir='ltr'>in</span> <span class='ocrx_word' id='word_1_71' title='bbox 867 850 1032 901; x_wconf 70' lang='lat' dir='ltr'>fueram</span> <span class='ocrx_word' id='word_1_72' title='bbox 1073 849 1169 899; x_wconf 83' lang='lat' dir='ltr'>(vid.</span> <span class='ocrx_word' id='word_1_73' title='bbox 1202 851 1335 888; x_wconf 84' lang='lat' dir='ltr'><strong>Madv.</strong></span> <span class='ocrx_word' id='word_1_74' title='bbox 1369 851 1436 889; x_wconf 86' lang='lat' dir='ltr'>Gr.</span> <span class='ocrx_word' id='word_1_75' title='bbox 1468 851 1556 889; x_wconf 87' lang='lat' dir='ltr'>Lat.</span> <span class='ocrx_word' id='word_1_76' title='bbox 1591 853 1671 890; x_wconf 90' lang='lat'>338</span> <span class='ocrx_word' id='word_1_77' title='bbox 1702 852 1741 899; x_wconf 92' lang='lat' dir='ltr'>b,</span> 
     </span>
     <span class='ocr_line' id='line_1_9' title="bbox 241 916 1741 968; baseline 0.001 -13"><span class='ocrx_word' id='word_1_78' title='bbox 241 922 323 955; x_wconf 87' lang='lat' dir='ltr'>not.</span> <span class='ocrx_word' id='word_1_79' title='bbox 359 916 421 965; x_wconf 86' lang='lat'>6),</span> <span class='ocrx_word' id='word_1_80' title='bbox 457 919 562 968; x_wconf 79' lang='lat' dir='ltr'>apud</span> <span class='ocrx_word' id='word_1_81' title='bbox 593 919 779 956; x_wconf 78' lang='lat' dir='ltr'>Plautum</span> <span class='ocrx_word' id='word_1_82' title='bbox 819 920 935 956; x_wconf 78' lang='lat' dir='ltr'>etiam</span> <span class='ocrx_word' id='word_1_83' title='bbox 967 922 1007 957; x_wconf 90' lang='lat' dir='ltr'>in</span> <span class='ocrx_word' id='word_1_84' title='bbox 1040 920 1147 967; x_wconf 79' lang='lat' dir='ltr'>aliis,</span> <span class='ocrx_word' id='word_1_85' title='bbox 1180 923 1226 955; x_wconf 87' lang='lat' dir='ltr'>ut</span> <span class='ocrx_word' id='word_1_86' title='bbox 1256 919 1360 956; x_wconf 83' lang='lat' dir='ltr'>infra</span> <span class='ocrx_word' id='word_1_87' title='bbox 1391 921 1485 957; x_wconf 86' lang='lat'>754.</span> <span class='ocrx_word' id='word_1_88' title='bbox 1519 921 1613 958; x_wconf 90' lang='lat'>909.</span> <span class='ocrx_word' id='word_1_89' title='bbox 1647 921 1741 957; x_wconf 90' lang='lat'>912.</span> 
     </span>
     <span class='ocr_line' id='line_1_10' title="bbox 240 986 1742 1036; baseline 0.001 -13"><span class='ocrx_word' id='word_1_90' title='bbox 240 986 350 1023; x_wconf 91' lang='lat' dir='ltr'>Asin.</span> <span class='ocrx_word' id='word_1_91' title='bbox 386 987 479 1024; x_wconf 90' lang='lat'>708.</span> <span class='ocrx_word' id='word_1_92' title='bbox 527 987 616 1024; x_wconf 92' lang='lat' dir='ltr'>Aul.</span> <span class='ocrx_word' id='word_1_93' title='bbox 652 988 730 1024; x_wconf 88' lang='lat'>625</span> <span class='ocrx_word' id='word_1_94' title='bbox 775 990 814 1024; x_wconf 89' lang='lat' dir='ltr'>et</span> <span class='ocrx_word' id='word_1_95' title='bbox 855 989 958 1025; x_wconf 87' lang='lat'>757:</span> <span class='ocrx_word' id='word_1_96' title='bbox 1010 987 1141 1036; x_wconf 88' lang='lat' dir='ltr'>„quod</span> <span class='ocrx_word' id='word_1_97' title='bbox 1173 986 1431 1024; x_wconf 78' lang='lat' dir='ltr'>abstuleras“.</span> <span class='ocrx_word' id='word_1_98' title='bbox 1494 987 1605 1025; x_wconf 86' lang='lat' dir='ltr'>Cure.</span> <span class='ocrx_word' id='word_1_99' title='bbox 1639 989 1742 1024; x_wconf 88' lang='lat'>425:</span> 
     </span>
     <span class='ocr_line' id='line_1_11' title="bbox 245 1052 1741 1102; baseline 0.001 -12"><span class='ocrx_word' id='word_1_100' title='bbox 245 1052 480 1100; x_wconf 86' lang='lat' dir='ltr'>„iusserat“.</span> <span class='ocrx_word' id='word_1_101' title='bbox 515 1054 567 1091; x_wconf 89' lang='lat' dir='ltr'>ib.</span> <span class='ocrx_word' id='word_1_102' title='bbox 590 1056 681 1092; x_wconf 89' lang='lat'>559.</span> <span class='ocrx_word' id='word_1_103' title='bbox 708 1054 849 1092; x_wconf 81' lang='lat' dir='ltr'>Pseud.</span> <span class='ocrx_word' id='word_1_104' title='bbox 872 1056 972 1092; x_wconf 90' lang='lat'>622:</span> <span class='ocrx_word' id='word_1_105' title='bbox 1003 1053 1230 1102; x_wconf 85' lang='lat' dir='ltr'>„dederat“.</span> <span class='ocrx_word' id='word_1_106' title='bbox 1258 1054 1378 1092; x_wconf 87' lang='lat' dir='ltr'>Stich.</span> <span class='ocrx_word' id='word_1_107' title='bbox 1399 1056 1499 1092; x_wconf 88' lang='lat'>253:</span> <span class='ocrx_word' id='word_1_108' title='bbox 1529 1052 1741 1101; x_wconf 72' lang='lat' dir='ltr'>,‚fecerat‘².</span> 
     </span>
     <span class='ocr_line' id='line_1_12' title="bbox 240 1121 1742 1170; baseline 0.001 -12"><span class='ocrx_word' id='word_1_109' title='bbox 240 1121 328 1158; x_wconf 89' lang='lat' dir='ltr'>Ter.</span> <span class='ocrx_word' id='word_1_110' title='bbox 361 1121 461 1159; x_wconf 90' lang='lat' dir='ltr'>Eun.</span> <span class='ocrx_word' id='word_1_111' title='bbox 500 1123 627 1160; x_wconf 86' lang='lat'>1030:</span> <span class='ocrx_word' id='word_1_112' title='bbox 675 1121 917 1169; x_wconf 83' lang='lat' dir='ltr'>„uideram“.</span> <span class='ocrx_word' id='word_1_113' title='bbox 953 1143 1007 1147; x_wconf 93' lang='lat'>—</span> <span class='ocrx_word' id='word_1_114' title='bbox 1039 1124 1132 1160; x_wconf 89' lang='lat'>380.</span> <span class='ocrx_word' id='word_1_115' title='bbox 1165 1122 1328 1170; x_wconf 84' lang='lat' dir='ltr'>Linguae</span> <span class='ocrx_word' id='word_1_116' title='bbox 1362 1136 1536 1160; x_wconf 84' lang='lat' dir='ltr'>errorem</span> <span class='ocrx_word' id='word_1_117' title='bbox 1568 1127 1742 1170; x_wconf 86' lang='lat' dir='ltr'>excusat,</span> 
     </span>
     <span class='ocr_line' id='line_1_13' title="bbox 241 1188 1741 1238; baseline 0.001 -13"><span class='ocrx_word' id='word_1_118' title='bbox 241 1188 392 1226; x_wconf 83' lang='lat' dir='ltr'>Sosiam</span> <span class='ocrx_word' id='word_1_119' title='bbox 423 1203 463 1226; x_wconf 87' lang='lat' dir='ltr'>se</span> <span class='ocrx_word' id='word_1_120' title='bbox 495 1189 652 1236; x_wconf 79' lang='lat' dir='ltr'>dixisse,</span> <span class='ocrx_word' id='word_1_121' title='bbox 686 1203 805 1238; x_wconf 83' lang='lat' dir='ltr'>quum</span> <span class='ocrx_word' id='word_1_122' title='bbox 839 1193 987 1228; x_wconf 88' lang='lat' dir='ltr'>socium</span> <span class='ocrx_word' id='word_1_123' title='bbox 1020 1191 1180 1228; x_wconf 75' lang='lat' dir='ltr'>deberet</span> <span class='ocrx_word' id='word_1_124' title='bbox 1212 1194 1251 1227; x_wconf 91' lang='lat' dir='ltr'>et</span> <span class='ocrx_word' id='word_1_125' title='bbox 1280 1191 1401 1228; x_wconf 87' lang='lat' dir='ltr'>vellet</span> <span class='ocrx_word' id='word_1_126' title='bbox 1430 1190 1571 1228; x_wconf 85' lang='lat' dir='ltr'>dicere.</span> <span class='ocrx_word' id='word_1_127' title='bbox 1620 1190 1741 1228; x_wconf 89' lang='lat' dir='ltr'>Codd.</span> 
     </span>
     <span class='ocr_line' id='line_1_14' title="bbox 240 1254 1743 1308; baseline 0.001 -14"><span class='ocrx_word' id='word_1_128' title='bbox 240 1260 448 1307; x_wconf 77' lang='lat' dir='ltr'>corrupte:</span> <span class='ocrx_word' id='word_1_129' title='bbox 489 1254 648 1295; x_wconf 71' lang='lat' dir='ltr'>soeimn</span> <span class='ocrx_word' id='word_1_130' title='bbox 685 1269 736 1295; x_wconf 69' lang='lat' dir='ltr'>oze</span> <span class='ocrx_word' id='word_1_131' title='bbox 777 1268 849 1295; x_wconf 79' lang='lat' dir='ltr'>mc.</span> <span class='ocrx_word' id='word_1_132' title='bbox 912 1258 1062 1295; x_wconf 83' lang='lat' dir='ltr'>Camer.</span> <span class='ocrx_word' id='word_1_133' title='bbox 1096 1256 1339 1296; x_wconf 70' lang='lat' dir='ltr'>sociemzmn</span> <span class='ocrx_word' id='word_1_134' title='bbox 1378 1269 1460 1305; x_wconf 79' lang='lat' dir='ltr'>me,</span> <span class='ocrx_word' id='word_1_135' title='bbox 1503 1272 1580 1308; x_wconf 84' lang='lat' dir='ltr'>qua</span> <span class='ocrx_word' id='word_1_136' title='bbox 1617 1259 1743 1296; x_wconf 85' lang='lat' dir='ltr'>forma</span> 
     </span>
     <span class='ocr_line' id='line_1_15' title="bbox 239 1324 1743 1373; baseline 0.002 -12"><span class='ocrx_word' id='word_1_137' title='bbox 239 1327 368 1362; x_wconf 89' lang='lat' dir='ltr'>utitur</span> <span class='ocrx_word' id='word_1_138' title='bbox 398 1324 564 1362; x_wconf 83' lang='lat' dir='ltr'>Plautus</span> <span class='ocrx_word' id='word_1_139' title='bbox 594 1326 683 1362; x_wconf 86' lang='lat' dir='ltr'>Aul.</span> <span class='ocrx_word' id='word_1_140' title='bbox 720 1327 820 1372; x_wconf 80' lang='lat'>6493</span> <span class='ocrx_word' id='word_1_141' title='bbox 854 1327 940 1373; x_wconf 85' lang='lat' dir='ltr'>sed,</span> <span class='ocrx_word' id='word_1_142' title='bbox 975 1340 1021 1363; x_wconf 90' lang='lat' dir='ltr'>ne</span> <span class='ocrx_word' id='word_1_143' title='bbox 1054 1340 1306 1364; x_wconf 87' lang='lat' dir='ltr'>numerorum</span> <span class='ocrx_word' id='word_1_144' title='bbox 1338 1328 1477 1364; x_wconf 91' lang='lat' dir='ltr'>vitium</span> <span class='ocrx_word' id='word_1_145' title='bbox 1511 1339 1743 1364; x_wconf 87' lang='lat' dir='ltr'>commemo-</span> 
     </span>
     <span class='ocr_line' id='line_1_16' title="bbox 240 1392 1740 1443; baseline 0.002 -15"><span class='ocrx_word' id='word_1_146' title='bbox 240 1405 334 1439; x_wconf 91' lang='lat' dir='ltr'>rem,</span> <span class='ocrx_word' id='word_1_147' title='bbox 368 1393 421 1429; x_wconf 85' lang='lat' dir='ltr'>sic</span> <span class='ocrx_word' id='word_1_148' title='bbox 453 1394 656 1442; x_wconf 71' lang='grc' dir='ltr'>παρὴχησις</span> <span class='ocrx_word' id='word_1_149' title='bbox 686 1396 804 1443; x_wconf 90' lang='lat' dir='ltr'>perit.</span> <span class='ocrx_word' id='word_1_150' title='bbox 860 1394 1039 1431; x_wconf 88' lang='lat' dir='ltr'>Lindem.</span> <span class='ocrx_word' id='word_1_151' title='bbox 1072 1396 1243 1441; x_wconf 80' lang='lat' dir='ltr'>„socium</span> <span class='ocrx_word' id='word_1_152' title='bbox 1275 1392 1457 1441; x_wconf 85' lang='lat' dir='ltr'>memet“,</span> <span class='ocrx_word' id='word_1_153' title='bbox 1490 1394 1740 1431; x_wconf 85' lang='lat' dir='ltr'>Fleckeisen:</span> 
     </span>
     <span class='ocr_line' id='line_1_17' title="bbox 245 1459 1743 1510; baseline 0.002 -14"><span class='ocrx_word' id='word_1_154' title='bbox 245 1459 368 1506; x_wconf 83' lang='lat' dir='ltr'>„Nam</span> <span class='ocrx_word' id='word_1_155' title='bbox 400 1460 502 1507; x_wconf 91' lang='lat' dir='ltr'>illut,</span> <span class='ocrx_word' id='word_1_156' title='bbox 529 1461 830 1510; x_wconf 73' lang='lat' dir='ltr'>Amphitruonis</span> <span class='ocrx_word' id='word_1_157' title='bbox 862 1463 1009 1498; x_wconf 85' lang='lat' dir='ltr'>socium</span> <span class='ocrx_word' id='word_1_158' title='bbox 1041 1460 1140 1509; x_wconf 83' lang='lat' dir='ltr'>me“,</span> <span class='ocrx_word' id='word_1_159' title='bbox 1175 1462 1221 1500; x_wconf 88' lang='lat' dir='ltr'>cf.</span> <span class='ocrx_word' id='word_1_160' title='bbox 1248 1462 1333 1499; x_wconf 87' lang='lat' dir='ltr'>Mil.</span> <span class='ocrx_word' id='word_1_161' title='bbox 1354 1464 1426 1499; x_wconf 83' lang='lat'>27:</span> <span class='ocrx_word' id='word_1_162' title='bbox 1465 1462 1587 1509; x_wconf 86' lang='lat' dir='ltr'>„illud</span> <span class='ocrx_word' id='word_1_163' title='bbox 1613 1463 1743 1500; x_wconf 85' lang='lat' dir='ltr'>dicere</span> 
     </span>
     <span class='ocr_line' id='line_1_18' title="bbox 240 1527 1740 1576; baseline 0.003 -13"><span class='ocrx_word' id='word_1_164' title='bbox 240 1527 351 1564; x_wconf 91' lang='lat' dir='ltr'>uolui</span> <span class='ocrx_word' id='word_1_165' title='bbox 388 1527 578 1574; x_wconf 84' lang='lat' dir='ltr'>„femur“.</span> <span class='ocrx_word' id='word_1_166' title='bbox 625 1529 721 1566; x_wconf 90' lang='lat' dir='ltr'>ibid.</span> <span class='ocrx_word' id='word_1_167' title='bbox 749 1530 850 1566; x_wconf 88' lang='lat'>819:</span> <span class='ocrx_word' id='word_1_168' title='bbox 888 1530 1010 1576; x_wconf 88' lang='lat' dir='ltr'>„illud</span> <span class='ocrx_word' id='word_1_169' title='bbox 1041 1528 1224 1576; x_wconf 81' lang='lat' dir='ltr'>„stertit“</span> <span class='ocrx_word' id='word_1_170' title='bbox 1261 1530 1372 1567; x_wconf 90' lang='lat' dir='ltr'>uolui</span> <span class='ocrx_word' id='word_1_171' title='bbox 1405 1528 1575 1568; x_wconf 83' lang='lat' dir='ltr'>dicere“.</span> <span class='ocrx_word' id='word_1_172' title='bbox 1622 1530 1740 1567; x_wconf 89' lang='lat' dir='ltr'>Most.</span> 
     </span>
     <span class='ocr_line' id='line_1_19' title="bbox 243 1596 1742 1646; baseline 0.003 -15"><span class='ocrx_word' id='word_1_173' title='bbox 243 1596 343 1632; x_wconf 86' lang='lat'>818:</span> <span class='ocrx_word' id='word_1_174' title='bbox 395 1596 518 1642; x_wconf 86' lang='lat' dir='ltr'>„illud</span> <span class='ocrx_word' id='word_1_175' title='bbox 558 1597 717 1646; x_wconf 89' lang='lat' dir='ltr'>quidem</span> <span class='ocrx_word' id='word_1_176' title='bbox 761 1600 829 1644; x_wconf 87' lang='lat' dir='ltr'>„ut</span> <span class='ocrx_word' id='word_1_177' title='bbox 868 1596 1104 1635; x_wconf 77' lang='lat' dir='ltr'>conniuent“</span> <span class='ocrx_word' id='word_1_178' title='bbox 1147 1598 1257 1636; x_wconf 91' lang='lat' dir='ltr'>uolui</span> <span class='ocrx_word' id='word_1_179' title='bbox 1289 1596 1458 1635; x_wconf 83' lang='lat' dir='ltr'>dicere“.</span> <span class='ocrx_word' id='word_1_180' title='bbox 1521 1597 1605 1635; x_wconf 86' lang='lat' dir='ltr'>Cas.</span> <span class='ocrx_word' id='word_1_181' title='bbox 1640 1599 1742 1635; x_wconf 86' lang='lat'>645:</span> 
     </span>
     <span class='ocr_line' id='line_1_20' title="bbox 248 1661 1744 1712; baseline 0.003 -14"><span class='ocrx_word' id='word_1_182' title='bbox 248 1661 371 1709; x_wconf 90' lang='lat' dir='ltr'>„Illuc</span> <span class='ocrx_word' id='word_1_183' title='bbox 410 1663 540 1700; x_wconf 87' lang='lat' dir='ltr'>dicere</span> <span class='ocrx_word' id='word_1_184' title='bbox 583 1664 806 1711; x_wconf 82' lang='lat' dir='ltr'>„uillicum“</span> <span class='ocrx_word' id='word_1_185' title='bbox 842 1664 1064 1703; x_wconf 80' lang='lat' dir='ltr'>uolebam“.</span> <span class='ocrx_word' id='word_1_186' title='bbox 1111 1666 1162 1703; x_wconf 91' lang='lat' dir='ltr'>ib.</span> <span class='ocrx_word' id='word_1_187' title='bbox 1198 1667 1291 1703; x_wconf 85' lang='grc'><strong>670.</strong></span> <span class='ocrx_word' id='word_1_188' title='bbox 1338 1665 1440 1703; x_wconf 86' lang='lat' dir='ltr'>Rud.</span> <span class='ocrx_word' id='word_1_189' title='bbox 1475 1666 1576 1703; x_wconf 90' lang='lat'>423:</span> <span class='ocrx_word' id='word_1_190' title='bbox 1621 1664 1744 1712; x_wconf 88' lang='lat' dir='ltr'>„illud</span> 
     </span>
     <span class='ocr_line' id='line_1_21' title="bbox 242 1729 1743 1784; baseline 0.003 -18"><span class='ocrx_word' id='word_1_191' title='bbox 242 1729 402 1778; x_wconf 88' lang='lat' dir='ltr'>quidem</span> <span class='ocrx_word' id='word_1_192' title='bbox 439 1731 737 1781; x_wconf 79' lang='lat' dir='ltr'>„subaquilun1“</span> <span class='ocrx_word' id='word_1_193' title='bbox 771 1733 881 1770; x_wconf 92' lang='lat' dir='ltr'>uolui</span> <span class='ocrx_word' id='word_1_194' title='bbox 913 1732 1082 1770; x_wconf 85' lang='lat' dir='ltr'>dicere“.</span> <span class='ocrx_word' id='word_1_195' title='bbox 1132 1733 1208 1771; x_wconf 88' lang='lat' dir='ltr'>Sed</span> <span class='ocrx_word' id='word_1_196' title='bbox 1235 1735 1353 1771; x_wconf 81' lang='lat' dir='ltr'>etiam</span> <span class='ocrx_word' id='word_1_197' title='bbox 1386 1735 1468 1771; x_wconf 91' lang='lat' dir='ltr'>sine</span> <span class='ocrx_word' id='word_1_198' title='bbox 1499 1734 1743 1784; x_wconf 84' lang='lat' dir='ltr'>pronomine,</span> 
     </span>
     <span class='ocr_line' id='line_1_22' title="bbox 242 1797 1744 1851; baseline 0.003 -18"><span class='ocrx_word' id='word_1_199' title='bbox 242 1801 287 1834; x_wconf 90' lang='lat' dir='ltr'>ut</span> <span class='ocrx_word' id='word_1_200' title='bbox 302 1797 562 1836; x_wconf 86' lang='lat' dir='ltr'>Pseud.716:</span> <span class='ocrx_word' id='word_1_201' title='bbox 601 1799 806 1846; x_wconf 84' lang='lat' dir='ltr'>„Adduxi“</span> <span class='ocrx_word' id='word_1_202' title='bbox 842 1802 953 1838; x_wconf 89' lang='lat' dir='ltr'>uolui</span> <span class='ocrx_word' id='word_1_203' title='bbox 985 1800 1157 1838; x_wconf 81' lang='lat' dir='ltr'>dicere“.</span> <span class='ocrx_word' id='word_1_204' title='bbox 1206 1802 1306 1839; x_wconf 88' lang='lat'>849:</span> <span class='ocrx_word' id='word_1_205' title='bbox 1346 1801 1551 1848; x_wconf 87' lang='lat' dir='ltr'>„Dimissis</span> <span class='ocrx_word' id='word_1_206' title='bbox 1575 1801 1744 1851; x_wconf 90' lang='lat' dir='ltr'>pedibus</span> 
     </span>
     <span class='ocr_line' id='line_1_23' title="bbox 242 1865 1748 1917; baseline 0.004 -16"><span class='ocrx_word' id='word_1_207' title='bbox 242 1865 351 1902; x_wconf 91' lang='lat' dir='ltr'>uolui</span> <span class='ocrx_word' id='word_1_208' title='bbox 391 1865 559 1904; x_wconf 89' lang='lat' dir='ltr'>dicere“.</span> <span class='ocrx_word' id='word_1_209' title='bbox 620 1867 705 1917; x_wconf 83' lang='lat' dir='ltr'>Ego</span> <span class='ocrx_word' id='word_1_210' title='bbox 743 1882 790 1905; x_wconf 90' lang='lat' dir='ltr'>ne</span> <span class='ocrx_word' id='word_1_211' title='bbox 830 1869 946 1905; x_wconf 89' lang='lat' dir='ltr'>nimis</span> <span class='ocrx_word' id='word_1_212' title='bbox 985 1869 1101 1917; x_wconf 82' lang='lat' dir='ltr'>longe</span> <span class='ocrx_word' id='word_1_213' title='bbox 1133 1883 1155 1905; x_wconf 85' lang='lat' dir='ltr'>a</span> <span class='ocrx_word' id='word_1_214' title='bbox 1187 1869 1300 1906; x_wconf 86' lang='lat' dir='ltr'>codd.</span> <span class='ocrx_word' id='word_1_215' title='bbox 1334 1869 1596 1917; x_wconf 84' lang='lat' dir='ltr'>discederem,</span> <span class='ocrx_word' id='word_1_216' title='bbox 1636 1878 1748 1907; x_wconf 72' lang='lat' dir='ltr'>mmo</span> 
     </span>
     <span class='ocr_line' id='line_1_24' title="bbox 246 1930 1743 1985; baseline 0.004 -17"><span class='ocrx_word' id='word_1_217' title='bbox 246 1930 287 1979; x_wconf 90' lang='lat' dir='ltr'>(i.</span> <span class='ocrx_word' id='word_1_218' title='bbox 321 1946 353 1969; x_wconf 93' lang='lat' dir='ltr'>e.</span> <span class='ocrx_word' id='word_1_219' title='bbox 385 1931 448 1980; x_wconf 54' lang='grc' dir='ltr'>ὦ)</span> <span class='ocrx_word' id='word_1_220' title='bbox 481 1947 554 1982; x_wconf 92' lang='lat' dir='ltr'>pro</span> <span class='ocrx_word' id='word_1_221' title='bbox 591 1933 687 1981; x_wconf 82' lang='lat' dir='ltr'>„ne“</span> <span class='ocrx_word' id='word_1_222' title='bbox 724 1937 874 1985; x_wconf 87' lang='lat' dir='ltr'>scripsi.</span> <span class='ocrx_word' id='word_1_223' title='bbox 907 1955 964 1961; x_wconf 77' lang='lat'>—</span> <span class='ocrx_word' id='word_1_224' title='bbox 996 1938 1088 1973; x_wconf 84' lang='lat'>381.</span> <span class='ocrx_word' id='word_1_225' title='bbox 1124 1932 1290 1975; x_wconf 71' lang='lat' dir='ltr'>Scibam</span> <span class='ocrx_word' id='word_1_226' title='bbox 1321 1937 1407 1974; x_wconf 86' lang='lat' dir='ltr'>edd.</span> <span class='ocrx_word' id='word_1_227' title='bbox 1441 1950 1576 1974; x_wconf 86' lang='lat' dir='ltr'>versus</span> <span class='ocrx_word' id='word_1_228' title='bbox 1616 1950 1743 1974; x_wconf 83' lang='lat' dir='ltr'>causa.</span> 
     </span>
     <span class='ocr_line' id='line_1_25' title="bbox 242 2000 1746 2053; baseline 0.002 -16"><span class='ocrx_word' id='word_1_229' title='bbox 242 2020 299 2025; x_wconf 90' lang='lat'>—</span> <span class='ocrx_word' id='word_1_230' title='bbox 326 2002 417 2037; x_wconf 90' lang='lat'>382.</span> <span class='ocrx_word' id='word_1_231' title='bbox 442 2001 540 2038; x_wconf 90' lang='lat' dir='ltr'>Post</span> <span class='ocrx_word' id='word_1_232' title='bbox 562 2000 671 2040; x_wconf 70' lang='lat' dir='ltr'>ratio</span> <span class='ocrx_word' id='word_1_233' title='bbox 696 2003 840 2041; x_wconf 77' lang='lat' dir='ltr'>hiatus.</span> <span class='ocrx_word' id='word_1_234' title='bbox 887 2003 946 2040; x_wconf 87' lang='lat' dir='ltr'>Fl.</span> <span class='ocrx_word' id='word_1_235' title='bbox 972 2008 1142 2053; x_wconf 81' lang='lat' dir='ltr'>transp.:</span> <span class='ocrx_word' id='word_1_236' title='bbox 1181 2005 1307 2050; x_wconf 84' lang='lat' dir='ltr'>„ratio</span> <span class='ocrx_word' id='word_1_237' title='bbox 1332 2003 1412 2041; x_wconf 83' lang='lat' dir='ltr'>te“.</span> <span class='ocrx_word' id='word_1_238' title='bbox 1460 2005 1609 2041; x_wconf 76' lang='lat' dir='ltr'>Muller</span> <span class='ocrx_word' id='word_1_239' title='bbox 1637 2004 1746 2052; x_wconf 89' lang='lat' dir='ltr'>„Uti-</span> 
     </span>
     <span class='ocr_line' id='line_1_26' title="bbox 244 2068 1744 2122; baseline 0.005 -19"><span class='ocrx_word' id='word_1_240' title='bbox 244 2081 336 2104; x_wconf 83' lang='lat' dir='ltr'>nam</span> <span class='ocrx_word' id='word_1_241' title='bbox 363 2069 414 2104; x_wconf 90' lang='lat' dir='ltr'>mi</span> <span class='ocrx_word' id='word_1_242' title='bbox 440 2068 563 2106; x_wconf 85' lang='lat' dir='ltr'>istuc“</span> <span class='ocrx_word' id='word_1_243' title='bbox 601 2070 812 2107; x_wconf 83' lang='lat' dir='ltr'>scribebat.</span> <span class='ocrx_word' id='word_1_244' title='bbox 861 2071 1038 2109; x_wconf 83' lang='lat' dir='ltr'>Gronov:</span> <span class='ocrx_word' id='word_1_245' title='bbox 1078 2072 1132 2118; x_wconf 80' lang='lat' dir='ltr'>„O</span> <span class='ocrx_word' id='word_1_246' title='bbox 1156 2071 1355 2109; x_wconf 78' lang='lat' dir='ltr'>utina1n“.</span> <span class='ocrx_word' id='word_1_247' title='bbox 1404 2069 1538 2122; x_wconf 68' lang='lat' dir='ltr'>thyit</span> <span class='ocrx_word' id='word_1_248' title='bbox 1562 2073 1598 2110; x_wconf 74' lang='lat' dir='ltr'>te</span> <span class='ocrx_word' id='word_1_249' title='bbox 1621 2070 1744 2120; x_wconf 67' lang='lat' dir='ltr'>ratio,</span> 
     </span>
     <span class='ocr_line' id='line_1_27' title="bbox 245 2136 1746 2189; baseline 0.003 -18"><span class='ocrx_word' id='word_1_250' title='bbox 245 2138 399 2182; x_wconf 79' lang='lat' dir='ltr'>errasti,</span> <span class='ocrx_word' id='word_1_251' title='bbox 433 2136 478 2173; x_wconf 91' lang='lat' dir='ltr'>cf.</span> <span class='ocrx_word' id='word_1_252' title='bbox 508 2136 649 2174; x_wconf 83' lang='lat' dir='ltr'>Catull.</span> <span class='ocrx_word' id='word_1_253' title='bbox 688 2139 750 2184; x_wconf 91' lang='lat'>10,</span> <span class='ocrx_word' id='word_1_254' title='bbox 785 2140 856 2175; x_wconf 83' lang='lat'>29:</span> <span class='ocrx_word' id='word_1_255' title='bbox 896 2139 1041 2186; x_wconf 83' lang='lat' dir='ltr'>„Istud,</span> <span class='ocrx_word' id='word_1_256' title='bbox 1076 2139 1182 2189; x_wconf 89' lang='lat' dir='ltr'>quod</span> <span class='ocrx_word' id='word_1_257' title='bbox 1213 2140 1330 2177; x_wconf 89' lang='lat' dir='ltr'>modo</span> <span class='ocrx_word' id='word_1_258' title='bbox 1362 2140 1553 2187; x_wconf 83' lang='lat' dir='ltr'>dixeram,</span> <span class='ocrx_word' id='word_1_259' title='bbox 1586 2153 1647 2177; x_wconf 84' lang='grc'><strong>1110</strong></span> <span class='ocrx_word' id='word_1_260' title='bbox 1678 2140 1746 2177; x_wconf 85' lang='lat' dir='ltr'>ha-</span> 
     </span>
     <span class='ocr_line' id='line_1_28' title="bbox 243 2202 1746 2254; baseline 0.003 -15"><span class='ocrx_word' id='word_1_261' title='bbox 243 2202 357 2250; x_wconf 85' lang='lat' dir='ltr'>bere,</span> <span class='ocrx_word' id='word_1_262' title='bbox 397 2202 518 2253; x_wconf 86' lang='lat' dir='ltr'>Fugit</span> <span class='ocrx_word' id='word_1_263' title='bbox 556 2218 616 2241; x_wconf 89' lang='lat' dir='ltr'>me</span> <span class='ocrx_word' id='word_1_264' title='bbox 656 2207 777 2252; x_wconf 79' lang='lat' dir='ltr'>ratio3</span> <span class='ocrx_word' id='word_1_265' title='bbox 817 2220 923 2243; x_wconf 89' lang='lat' dir='ltr'>meus</span> <span class='ocrx_word' id='word_1_266' title='bbox 964 2206 1108 2243; x_wconf 80' lang='lat' dir='ltr'>sodalis</span> <span class='ocrx_word' id='word_1_267' title='bbox 1148 2207 1272 2244; x_wconf 85' lang='lat' dir='ltr'>Cinna</span> <span class='ocrx_word' id='word_1_268' title='bbox 1311 2212 1371 2244; x_wconf 85' lang='lat' dir='ltr'>est</span> <span class='ocrx_word' id='word_1_269' title='bbox 1409 2207 1551 2254; x_wconf 82' lang='lat' dir='ltr'>Gaius,</span> <span class='ocrx_word' id='word_1_270' title='bbox 1598 2208 1630 2244; x_wconf 89' lang='lat' dir='ltr'>is</span> <span class='ocrx_word' id='word_1_271' title='bbox 1671 2207 1746 2244; x_wconf 84' lang='lat' dir='ltr'>sibi</span> 
     </span>
     <span class='ocr_line' id='line_1_29' title="bbox 245 2269 1746 2322; baseline 0.003 -16"><span class='ocrx_word' id='word_1_272' title='bbox 245 2269 443 2319; x_wconf 78' lang='lat' dir='ltr'>parauit“.</span> <span class='ocrx_word' id='word_1_273' title='bbox 505 2271 621 2309; x_wconf 90' lang='lat' dir='ltr'>Rhet.</span> <span class='ocrx_word' id='word_1_274' title='bbox 655 2273 704 2309; x_wconf 82' lang='lat' dir='ltr'>ad</span> <span class='ocrx_word' id='word_1_275' title='bbox 736 2273 978 2311; x_wconf 90' lang='lat' dir='ltr'>Herennium</span> <span class='ocrx_word' id='word_1_276' title='bbox 1010 2275 1057 2321; x_wconf 80' lang='lat' dir='ltr'>H,</span> <span class='ocrx_word' id='word_1_277' title='bbox 1096 2275 1157 2321; x_wconf 87' lang='lat'>16,</span> <span class='ocrx_word' id='word_1_278' title='bbox 1193 2276 1243 2311; x_wconf 89' lang='lat'>24</span> <span class='ocrx_word' id='word_1_279' title='bbox 1277 2279 1316 2312; x_wconf 85' lang='lat' dir='ltr'>et</span> <span class='ocrx_word' id='word_1_280' title='bbox 1347 2277 1411 2322; x_wconf 88' lang='lat'>25,</span> <span class='ocrx_word' id='word_1_281' title='bbox 1446 2276 1511 2313; x_wconf 87' lang='lat'>40.</span> <span class='ocrx_word' id='word_1_282' title='bbox 1544 2295 1600 2300; x_wconf 89' lang='lat'>-—</span> <span class='ocrx_word' id='word_1_283' title='bbox 1635 2275 1746 2322; x_wconf 89' lang='lat' dir='ltr'>„Uti—</span> 
     </span>
     <span class='ocr_line' id='line_1_30' title="bbox 244 2336 1747 2391; baseline 0.004 -18"><span class='ocrx_word' id='word_1_284' title='bbox 244 2336 356 2374; x_wconf 72' lang='lat' dir='ltr'>nzun“</span> <span class='ocrx_word' id='word_1_285' title='bbox 400 2339 613 2388; x_wconf 86' lang='lat' dir='ltr'>respondet</span> <span class='ocrx_word' id='word_1_286' title='bbox 650 2339 764 2377; x_wconf 83' lang='lat' dir='ltr'>Sosia</span> <span class='ocrx_word' id='word_1_287' title='bbox 806 2342 951 2391; x_wconf 85' lang='lat' dir='ltr'>„pugni</span> <span class='ocrx_word' id='word_1_288' title='bbox 989 2344 1046 2379; x_wconf 90' lang='lat' dir='ltr'>tui</span> <span class='ocrx_word' id='word_1_289' title='bbox 1086 2342 1300 2390; x_wconf 84' lang='lat' dir='ltr'>fugissent,</span> <span class='ocrx_word' id='word_1_290' title='bbox 1347 2346 1392 2379; x_wconf 87' lang='lat' dir='ltr'>ut</span> <span class='ocrx_word' id='word_1_291' title='bbox 1437 2356 1498 2379; x_wconf 92' lang='lat' dir='ltr'>me</span> <span class='ocrx_word' id='word_1_292' title='bbox 1538 2342 1747 2379; x_wconf 83' lang='lat' dir='ltr'>verberare</span> 
     </span>
     <span class='ocr_line' id='line_1_31' title="bbox 246 2405 1746 2458; baseline 0.004 -17"><span class='ocrx_word' id='word_1_293' title='bbox 246 2419 323 2442; x_wconf 93' lang='lat' dir='ltr'>non</span> <span class='ocrx_word' id='word_1_294' title='bbox 354 2405 532 2455; x_wconf 82' lang='lat' dir='ltr'>posses“.</span> <span class='ocrx_word' id='word_1_295' title='bbox 565 2427 621 2432; x_wconf 86' lang='lat'>—</span> <span class='ocrx_word' id='word_1_296' title='bbox 655 2409 746 2445; x_wconf 88' lang='lat'>383.</span> <span class='ocrx_word' id='word_1_297' title='bbox 780 2422 852 2458; x_wconf 88' lang='lat' dir='ltr'>pro</span> <span class='ocrx_word' id='word_1_298' title='bbox 888 2409 930 2446; x_wconf 73' lang='lat' dir='ltr'>tu</span> <span class='ocrx_word' id='word_1_299' title='bbox 961 2408 1077 2446; x_wconf 87' lang='lat' dir='ltr'>Gertz</span> <span class='ocrx_word' id='word_1_300' title='bbox 1123 2408 1209 2455; x_wconf 68' lang='lat' dir='ltr'>„te“</span> <span class='ocrx_word' id='word_1_301' title='bbox 1249 2410 1500 2447; x_wconf 88' lang='lat' dir='ltr'>scribendum</span> <span class='ocrx_word' id='word_1_302' title='bbox 1541 2410 1746 2457; x_wconf 52' lang='lat' dir='ltr'>censebam</span> 
     </span>
     <span class='ocr_line' id='line_1_32' title="bbox 246 2474 1746 2525; baseline 0.004 -16"><span class='ocrx_word' id='word_1_303' title='bbox 246 2474 310 2509; x_wconf 89' lang='lat' dir='ltr'>vix</span> <span class='ocrx_word' id='word_1_304' title='bbox 343 2486 453 2522; x_wconf 82' lang='lat' dir='ltr'>opus.</span> <span class='ocrx_word' id='word_1_305' title='bbox 478 2494 534 2499; x_wconf 88' lang='lat'>—-</span> <span class='ocrx_word' id='word_1_306' title='bbox 561 2476 653 2511; x_wconf 88' lang='lat'>385.</span> <span class='ocrx_word' id='word_1_307' title='bbox 687 2475 775 2513; x_wconf 90' lang='lat' dir='ltr'>Non</span> <span class='ocrx_word' id='word_1_308' title='bbox 807 2489 941 2525; x_wconf 83' lang='lat' dir='ltr'>pacem</span> <span class='ocrx_word' id='word_1_309' title='bbox 973 2477 1041 2513; x_wconf 88' lang='lat' dir='ltr'>sed</span> <span class='ocrx_word' id='word_1_310' title='bbox 1074 2477 1251 2514; x_wconf 83' lang='lat' dir='ltr'>inducias</span> <span class='ocrx_word' id='word_1_311' title='bbox 1282 2482 1435 2514; x_wconf 83' lang='lat' dir='ltr'>tantum</span> <span class='ocrx_word' id='word_1_312' title='bbox 1468 2477 1658 2515; x_wconf 88' lang='lat' dir='ltr'>concedit.</span> <span class='ocrx_word' id='word_1_313' title='bbox 1689 2497 1746 2501; x_wconf 85' lang='grc'>-</span> 
     </span>
     <span class='ocr_line' id='line_1_33' title="bbox 249 2540 1748 2594; baseline 0.005 -19"><span class='ocrx_word' id='word_1_314' title='bbox 249 2541 340 2576; x_wconf 83' lang='lat'>387.</span> <span class='ocrx_word' id='word_1_315' title='bbox 380 2540 581 2590; x_wconf 80' lang='lat' dir='ltr'>„Duplex“</span> <span class='ocrx_word' id='word_1_316' title='bbox 626 2543 756 2591; x_wconf 89' lang='lat' dir='ltr'>inquit</span> <span class='ocrx_word' id='word_1_317' title='bbox 794 2543 1039 2581; x_wconf 82' lang='lat' dir='ltr'>Lindemann</span> <span class='ocrx_word' id='word_1_318' title='bbox 1083 2549 1219 2594; x_wconf 84' lang='lat' dir='ltr'>„patet</span> <span class='ocrx_word' id='word_1_319' title='bbox 1256 2545 1489 2582; x_wconf 87' lang='lat' dir='ltr'>emendandi</span> <span class='ocrx_word' id='word_1_320' title='bbox 1529 2547 1604 2583; x_wconf 78' lang='lat' dir='ltr'>via.</span> <span class='ocrx_word' id='word_1_321' title='bbox 1664 2546 1748 2582; x_wconf 89' lang='lat' dir='ltr'>Aut</span> 
     </span>
     <span class='ocr_line' id='line_1_34' title="bbox 246 2606 1747 2659; baseline 0.005 -17"><span class='ocrx_word' id='word_1_322' title='bbox 246 2607 347 2643; x_wconf 85' lang='lat' dir='ltr'>enim</span> <span class='ocrx_word' id='word_1_323' title='bbox 394 2608 622 2655; x_wconf 80' lang='lat' dir='ltr'>legendum:</span> <span class='ocrx_word' id='word_1_324' title='bbox 672 2606 760 2648; x_wconf 75' lang='lat' dir='ltr'>Dic</span> <span class='ocrx_word' id='word_1_325' title='bbox 798 2609 837 2648; x_wconf 68' lang='lat' dir='ltr'>se]</span> <span class='ocrx_word' id='word_1_326' title='bbox 878 2609 979 2659; x_wconf 70' lang='lat' dir='ltr'>quid</span> <span class='ocrx_word' id='word_1_327' title='bbox 1017 2610 1103 2659; x_wconf 66' lang='lat' dir='ltr'>uis,</span> <span class='ocrx_word' id='word_1_328' title='bbox 1151 2616 1238 2649; x_wconf 84' lang='lat' dir='ltr'>aut:</span> <span class='ocrx_word' id='word_1_329' title='bbox 1287 2609 1433 2650; x_wconf 67' lang='lat' dir='ltr'><em>Dicito</em></span> <span class='ocrx_word' id='word_1_330' title='bbox 1477 2610 1580 2650; x_wconf 74' lang='lat' dir='ltr'>sis“.</span> <span class='ocrx_word' id='word_1_331' title='bbox 1641 2613 1747 2650; x_wconf 81' lang='lat' dir='ltr'>Illud</span> 
     </span>
     <span class='ocr_line' id='line_1_35' title="bbox 247 2673 1741 2729; baseline 0.006 -20"><span class='ocrx_word' id='word_1_332' title='bbox 247 2673 475 2711; x_wconf 76' lang='lat' dir='ltr'>Fleckeisen</span> <span class='ocrx_word' id='word_1_333' title='bbox 506 2677 704 2725; x_wconf 82' lang='lat' dir='ltr'>praetulit3</span> <span class='ocrx_word' id='word_1_334' title='bbox 737 2678 811 2715; x_wconf 88' lang='lat' dir='ltr'>hoc</span> <span class='ocrx_word' id='word_1_335' title='bbox 836 2677 1012 2715; x_wconf 87' lang='lat' dir='ltr'>Lindem.</span> <span class='ocrx_word' id='word_1_336' title='bbox 1047 2683 1086 2715; x_wconf 90' lang='lat' dir='ltr'>et</span> <span class='ocrx_word' id='word_1_337' title='bbox 1117 2692 1201 2727; x_wconf 82' lang='lat' dir='ltr'>ego,</span> <span class='ocrx_word' id='word_1_338' title='bbox 1228 2680 1430 2717; x_wconf 78' lang='lat' dir='ltr'>librarium</span> <span class='ocrx_word' id='word_1_339' title='bbox 1460 2681 1515 2727; x_wconf 92' lang='lat' dir='ltr'>„si</span> <span class='ocrx_word' id='word_1_340' title='bbox 1539 2680 1635 2729; x_wconf 85' lang='lat' dir='ltr'>quid</span> <span class='ocrx_word' id='word_1_341' title='bbox 1658 2679 1741 2718; x_wconf 84' lang='lat' dir='ltr'>vis“</span> 
     </span>
     <span class='ocr_line' id='line_1_36' title="bbox 248 2742 1749 2796; baseline 0.006 -20"><span class='ocrx_word' id='word_1_342' title='bbox 248 2755 295 2777; x_wconf 80' lang='lat' dir='ltr'>ex</span> <span class='ocrx_word' id='word_1_343' title='bbox 327 2755 362 2777; x_wconf 82' lang='lat' dir='ltr'>v.</span> <span class='ocrx_word' id='word_1_344' title='bbox 399 2743 476 2779; x_wconf 80' lang='lat'>385</span> <span class='ocrx_word' id='word_1_345' title='bbox 510 2742 584 2779; x_wconf 85' lang='lat' dir='ltr'>huc</span> <span class='ocrx_word' id='word_1_346' title='bbox 615 2746 864 2781; x_wconf 77' lang='lat' dir='ltr'>transtulisse</span> <span class='ocrx_word' id='word_1_347' title='bbox 896 2746 1125 2783; x_wconf 78' lang='lat' dir='ltr'>arbitratus.</span> <span class='ocrx_word' id='word_1_348' title='bbox 1157 2767 1214 2771; x_wconf 91' lang='lat'>—</span> <span class='ocrx_word' id='word_1_349' title='bbox 1243 2745 1326 2796; x_wconf 71' lang='lat' dir='ltr'>fide</span> <span class='ocrx_word' id='word_1_350' title='bbox 1358 2760 1492 2784; x_wconf 84' lang='lat' dir='ltr'>versus</span> <span class='ocrx_word' id='word_1_351' title='bbox 1525 2761 1641 2785; x_wconf 87' lang='lat' dir='ltr'>causa</span> <span class='ocrx_word' id='word_1_352' title='bbox 1679 2751 1749 2785; x_wconf 84' lang='lat' dir='ltr'>aut</span> 
     </span>
     <span class='ocr_line' id='line_1_37' title="bbox 247 2808 1746 2864; baseline 0.006 -20"><span class='ocrx_word' id='word_1_353' title='bbox 247 2808 497 2845; x_wconf 86' lang='lat' dir='ltr'>scribendum</span> <span class='ocrx_word' id='word_1_354' title='bbox 530 2814 597 2847; x_wconf 81' lang='lat' dir='ltr'>aut</span> <span class='ocrx_word' id='word_1_355' title='bbox 628 2815 730 2848; x_wconf 88' lang='lat' dir='ltr'>certe</span> <span class='ocrx_word' id='word_1_356' title='bbox 760 2813 1107 2861; x_wconf 80' lang='lat' dir='ltr'>pronuntiandum,</span> <span class='ocrx_word' id='word_1_357' title='bbox 1143 2814 1188 2850; x_wconf 77' lang='lat' dir='ltr'>cf.</span> <span class='ocrx_word' id='word_1_358' title='bbox 1217 2828 1337 2863; x_wconf 80' lang='lat' dir='ltr'>supra</span> <span class='ocrx_word' id='word_1_359' title='bbox 1364 2815 1457 2851; x_wconf 90' lang='lat'>272.</span> <span class='ocrx_word' id='word_1_360' title='bbox 1508 2812 1619 2853; x_wconf 75' lang='lat' dir='ltr'>Tuae</span> <span class='ocrx_word' id='word_1_361' title='bbox 1643 2813 1746 2864; x_wconf 69' lang='lat' dir='ltr'>fidei</span> 
     </span>
     <span class='ocr_line' id='line_1_38' title="bbox 248 2872 1747 2919; baseline 0.005 -7"><span class='ocrx_word' id='word_1_362' title='bbox 248 2872 401 2913; x_wconf 73' lang='lat' dir='ltr'>credo?</span> <span class='ocrx_word' id='word_1_363' title='bbox 432 2877 455 2912; x_wconf 92' lang='lat' dir='ltr'>i.</span> <span class='ocrx_word' id='word_1_364' title='bbox 490 2890 521 2912; x_wconf 86' lang='lat' dir='ltr'>e.</span> <span class='ocrx_word' id='word_1_365' title='bbox 556 2878 788 2915; x_wconf 79' lang='lat' dir='ltr'>credamne?</span> <span class='ocrx_word' id='word_1_366' title='bbox 822 2883 930 2916; x_wconf 77' lang='lat' dir='ltr'>extat</span> <span class='ocrx_word' id='word_1_367' title='bbox 961 2881 1078 2916; x_wconf 76' lang='lat' dir='ltr'>etiam</span> <span class='ocrx_word' id='word_1_368' title='bbox 1113 2881 1241 2918; x_wconf 72' lang='lat' dir='ltr'>Oasin.</span> <span class='ocrx_word' id='word_1_369' title='bbox 1277 2884 1369 2919; x_wconf 85' lang='lat'>918.</span> <span class='ocrx_word' id='word_1_370' title='bbox 1432 2882 1560 2919; x_wconf 86' lang='lat' dir='ltr'>Holtz.</span> <span class='ocrx_word' id='word_1_371' title='bbox 1594 2883 1747 2919; x_wconf 84' lang='lat' dir='ltr'>confert</span> 
     </span>
    </p>
   </div>
  </div>
 </body>
</html>
