1926 3275
315 320 395 360 190
920 314 1201 359 Prolegomena.

311 446 418 496 quod
449 446 505 483 sic
535 445 677 494 saepius
707 457 786 482 una
817 457 903 481 cum
928 443 1096 492 pedibus
1120 442 1315 481 vocabula
1338 443 1613 490 terminentur,
1639 442 1814 480 Bentleii

312 514 533 563 exemplum
564 515 800 562 sequuntur,
842 511 909 569 qui
947 511 1139 548 iambicos
1176 524 1315 548 versus
1347 510 1562 548 secundum
1591 510 1812 548 trochaicas

311 581 491 632 dipodias
530 580 796 627 describebat,
836 592 915 616 non
953 579 1207 628 antiquorum
1244 580 1452 616 rationem.
1511 578 1618 616 Illud
1655 591 1812 628 quoque

308 649 412 686 inter
448 649 555 686 viros
594 647 728 684 doctos
770 647 1012 697 disputatum
1052 650 1128 694 est,
1161 647 1244 684 utri
1275 660 1323 684 ex
1351 647 1480 697 longis
1519 645 1680 695 syllabis
1710 647 1811 683 ictus

308 716 494 753 metricus
537 715 773 752 tribuendus
819 716 884 752 sit.
967 715 1154 765 Plerique
1199 715 1327 764 priori
1373 717 1577 752 accentum
1621 727 1811 764 superpo-

310 786 492 830 suerunt,
524 796 596 820 nos
628 783 861 820 ereticorum
892 783 1091 820 rationem
1130 783 1255 821 secuti
1293 782 1410 820 alteri
1435 782 1648 820 >maluimus
1683 781 1731 830 (v
1755 777 1810 833 -1

561 873 592 883 ν

421 918 537 956 Hunc
573 931 731 956 versum
769 918 905 956 Latini
943 922 1090 968 poetae,
1131 919 1301 956 maxime
1338 919 1524 966 Plautus,
1571 919 1612 955 in
1657 918 1810 956 deliciis

308 986 545 1024 habuerunt.
595 985 642 1023 In
673 999 718 1023 eo
750 986 886 1023 eadem
917 987 993 1024 sibi
1023 987 1233 1035 indulgent
1263 1000 1349 1036 quae
1380 986 1421 1024 in
1450 987 1612 1037 proprie
1643 987 1809 1024 creticis.

307 1055 520 1091 Anacrusis
550 1053 636 1091 loco
667 1067 740 1103 pro
772 1054 904 1091 iambo
937 1049 1061 1091 etiam
1082 1054 1301 1105 spondeum
1325 1058 1364 1092 et
1389 1043 1636 1104 anapaestum
1658 1055 1810 1102 ferunt3

306 1134 379 1172 pro
410 1122 539 1172 primo
566 1122 710 1158 cretico
741 1122 882 1169 rarius,
914 1135 986 1171 pro
1013 1122 1138 1159 altero
1163 1123 1368 1172 aliquanto
1394 1124 1537 1172 saepius
1562 1121 1811 1160 choriambus

307 1190 527 1236 invenitur3
562 1192 736 1226 extrema
766 1190 1057 1227 trochaicorum
1082 1191 1187 1240 leges
1211 1194 1441 1239 sequuntur.
1489 1190 1686 1228 Caesuram
1709 1203 1810 1239 saepe

306 1257 427 1294 habet
456 1260 548 1306 post
579 1257 746 1294 alterum
777 1257 994 1305 bacchium,
1027 1258 1096 1295 sed
1126 1272 1206 1296 non
1238 1262 1476 1296 constanter.
1524 1258 1662 1295 Multae
1686 1270 1810 1295 scenae

309 1325 415 1375 apud
445 1325 630 1362 Plautum
667 1326 925 1362 inveniuntur
961 1339 1143 1375 magnam
1181 1330 1339 1376 partem
1384 1326 1446 1363 his
1490 1325 1667 1364 versibus
1706 1338 1809 1363 com-

305 1394 458 1443 positae,
489 1393 558 1429 sed
583 1393 675 1442 quia
697 1407 833 1431 versus
858 1394 1063 1431 acatalecti
1088 1397 1191 1441 sunt,
1218 1394 1355 1432 eadem
1379 1397 1594 1443 systemata
1618 1393 1810 1443 appellari

305 1463 483 1510 possunt,
503 1464 542 1497 et
560 1461 705 1498 cretica
725 1462 894 1512 quidem,
920 1463 953 1500 si
976 1465 1153 1499 nostram
1177 1463 1354 1511 sequaris
1377 1462 1566 1498 metiendi
1589 1462 1807 1508 rationem3

305 1542 376 1566 nec
415 1528 558 1566 desunt
597 1530 776 1579 exempla
813 1544 997 1567 versuum
1036 1531 1351 1577 coniunctorum,
1391 1529 1458 1566 ubi
1498 1530 1666 1567 creticus
1704 1529 1811 1566 inter

307 1596 404 1634 duos
444 1610 581 1633 versus
620 1596 770 1634 divisus
808 1611 886 1634 uno
918 1599 1147 1636 continetur
1177 1598 1388 1648 vocabulo,
1421 1601 1467 1634 ut
1496 1597 1603 1634 Men.
1639 1598 1717 1634 559
1749 1610 1806 1646 sq.

311 1659 541 1715 „op'tun1i“.
591 1665 670 1701 746
696 1678 753 1714 sq.
792 1665 917 1712 „Nam
940 1680 1003 1703 res
1026 1666 1218 1716 plurimas
1248 1666 1463 1716 pessumas,
1497 1678 1615 1714 quom
1647 1665 1810 1702 aduenit

306 1726 463 1782 acl'fert,
498 1745 595 1782 quas
627 1733 658 1770 si
690 1734 892 1771 autumem
923 1735 1066 1781 omnis,
1099 1735 1215 1771 nimis
1245 1735 1386 1782 longus
1427 1730 1636 1771 sermost“.
1698 1733 1806 1770 Poen.

307 1801 384 1837 221
420 1814 477 1850 sq.
525 1800 676 1847 „Binae,
718 1801 883 1849 singulis
922 1802 1008 1851 quae
1045 1802 1149 1839 datae
1187 1802 1300 1839 nobis
1342 1795 1522 1852 ancilfllae,
1555 1814 1608 1838 eae
1641 1795 1806 1848 etc.“*).

304 1867 350 1904 In
381 1867 631 1904 liberioribus
664 1871 793 1905 autem
826 1871 986 1907 canticis
1019 1870 1136 1907 etiam
1167 1869 1369 1907 breviores
1402 1873 1440 1906 et
1471 1869 1668 1917 longiores
1704 1869 1806 1906 eius-

306 1935 393 1972 dem
425 1938 494 1972 aut
526 1936 682 1982 cognati
712 1938 865 1985 generis
896 1951 1033 1975 versus
1065 1938 1394 1974 intermiscentur.

418 2003 647 2040 Hexametri
687 2003 888 2041 bacchi-aci
927 2006 1211 2042 continuantur
1240 2004 1383 2054 Amph.
1418 2003 1497 2041 627
1531 2018 1616 2053 sqq.
1656 2024 1713 2029 —-
1748 2003 1807 2041 De

304 2069 365 2106 his
397 2069 577 2107 omnibus
607 2083 643 2107 v.
670 2070 836 2120 Seyffert
871 2073 943 2119 „dc
968 2073 1262 2110 bacchiacorum
1292 2085 1478 2109 versuum
1501 2086 1576 2109 usu
1591 2069 1802 2109 Plautin0“

305 2137 434 2175 Berol.
473 2138 592 2174 1864.

635 2250 701 2288 De
732 2251 960 2289 versibus
990 2253 1128 2289 varie
1161 2252 1466 2301 compositis.

418 2341 559 2378 Adhuc
591 2354 656 2378 eos
687 2354 823 2378 versus
854 2343 1123 2390 tractavimus,
1158 2344 1225 2393 qui
1256 2356 1303 2379 ex
1335 2343 1471 2380 eodem
1502 2342 1602 2391 pede
1633 2342 1804 2391 repetito

305 2412 373 2446 aut
405 2412 588 2446 constant
618 2413 687 2446 aut
718 2413 898 2446 constare
929 2410 1125 2457 videntur,
1159 2411 1363 2460 aequaliter
1388 2424 1512 2460 usque
1537 2410 1587 2447 ad
1611 2410 1805 2447 catalexin

305 2480 373 2513 aut
404 2477 617 2514 clausulam
649 2477 922 2523 decurrentes,
956 2478 1024 2515 sed
1054 2479 1094 2515 in
1125 2478 1321 2516 Plautinis
1354 2479 1515 2516 canticis
1548 2478 1806 2515 inveniuntur

305 2545 425 2580 otiam
462 2558 599 2581 versus
638 2545 801 2581 liberius
849 2546 991 2582 structi
1037 2548 1236 2595 variisque
1279 2546 1448 2596 pedibus
1493 2547 1716 2595 compositi,
1763 2546 1804 2582 in

306 2611 447 2660 quibus
476 2613 610 2660 potius
643 2613 848 2650 modorum
881 2614 1124 2651 concinnitas
1164 2628 1281 2664 quam
1320 2627 1568 2652 numerorum
1600 2613 1804 2663 aequalitas

304 2679 499 2727 placuisse
531 2679 699 2716 videtur.

418 2746 544 2783 Huius
582 2748 739 2795 generis
779 2761 878 2785 unus
914 2762 1052 2786 versus
1085 2750 1204 2786 etiam
1236 2751 1324 2786 κατὰ
1356 2751 1479 2796 στίχον
1509 2749 1690 2799 ponitur,
1724 2761 1802 2798 quo

339 2888 370 2931 ²⁸³)
398 2888 509 2922 Plura
533 2888 605 2923 vid.
635 2887 768 2923 Christ.
794 2889 940 2924 Mctrik.
967 2902 1001 2935 p.
1027 2892 1103 2925 453.
