1926 3275
224 265 310 306 424
881 259 1062 295 Asinaria.

226 392 348 430 moris
379 394 466 429 erat
497 391 604 441 apud
633 391 849 437 Romanos,
881 393 927 427 ut
957 390 998 426 in
1027 388 1232 427 funeribus
1263 402 1286 426 a
1316 388 1519 426 conductis
1548 388 1724 426 mulieri-

226 459 318 507 bus,
352 473 437 510 quae
467 459 633 509 praeficae
665 458 979 509 appellabantur,
1012 458 1147 495 naeniae
1179 459 1435 494 cantarentur
1463 457 1505 494 in
1533 457 1722 495 honorem

227 528 423 576 defuncti,
464 529 601 578 inepta
640 530 679 564 et
716 526 919 564 incondita
965 527 1154 572 carmina,
1195 528 1241 563 ut
1278 525 1335 562 ait
1363 525 1516 562 Nonius
1553 538 1592 575 p.
1629 525 1723 572 145,

228 610 394 647 quorum
425 596 573 646 putidae
605 598 645 632 et
676 598 919 645 exaggeratae
950 594 1087 631 laudes
1117 594 1235 643 vulgo
1265 592 1519 641 ridebantur,
1550 605 1586 631 v.
1617 592 1721 631 Non.

225 678 264 715 p.
300 666 350 703 06
383 678 411 702 s.
444 678 479 701 v.
524 661 743 713 „praefica“,
784 666 822 700 et
860 664 1058 712 egregium
1099 662 1199 700 illud
1231 661 1384 699 Senecae
1423 661 1644 711 exemplum
1675 660 1725 698 de

226 736 351 770 morte
384 732 537 771 Claudii
569 745 599 769 c.
635 733 698 769 12.

339 937 410 975 His
451 937 565 975 dictis
612 937 840 975 adulescens
886 940 925 974 et
968 938 1168 986 parasitus
1214 935 1372 973 domum
1416 935 1514 972 lenae
1558 935 1724 991 intrant,

226 1010 270 1044 ut
310 1020 356 1043 ex
395 1006 468 1043 hac
514 1006 740 1056 syngrapha
784 1019 865 1042 rem
912 1003 1130 1042 conficiant.
1193 1003 1271 1042 Sed
1314 1003 1563 1054 meretricem
1609 1003 1725 1041 alteri

227 1077 472 1112 auctoratam
503 1075 710 1112 inveniunt
743 1077 781 1111 et
810 1073 1079 1110 Demaenetum
1111 1071 1313 1122 filiumque
1345 1086 1432 1110 cum
1464 1085 1509 1109 ea
1538 1074 1727 1122 potantes

224 1144 371 1181 vident.
426 1143 554 1190 Quare
587 1143 721 1180 statim
751 1142 918 1179 redeunt
948 1142 1016 1178 irae
1046 1141 1152 1191 pleni
1185 1144 1224 1178 et
1254 1141 1419 1178 ultionis
1451 1140 1595 1190 cupidi.
1642 1140 1724 1190 Ap—

225 1216 339 1262 paret
376 1213 547 1261 spatium
587 1210 749 1260 aliquod
787 1211 994 1261 temporis,
1038 1210 1215 1260 quamvis
1254 1210 1457 1258 exiguum,
1503 1209 1607 1246 inter
1652 1209 1727 1246 has

227 1281 323 1318 duas
348 1293 481 1317 scenas
506 1281 757 1316 interiectum
790 1292 883 1326 esse,
917 1281 956 1316 et
987 1278 1159 1325 fuerunt,
1189 1279 1255 1327 qui
1282 1280 1469 1327 putarent
1501 1275 1562 1325 (ut
1584 1277 1724 1315 Fleck-

226 1346 351 1396 eisen)
384 1351 537 1398 partem
569 1348 742 1397 aliquam
772 1347 913 1384 fabulae
945 1347 982 1384 h.
1015 1347 1040 1383 l.
1074 1346 1335 1384 intercidisse.
1384 1345 1461 1383 Sed
1493 1349 1727 1396 argumento

225 1417 322 1454 nihil
346 1416 465 1464 deest,
498 1429 579 1462 nec,
614 1418 681 1465 qui
714 1416 887 1453 externis
918 1415 1158 1452 testimoniis
1188 1414 1336 1452 lacunae
1368 1414 1626 1464 suspicionem
1658 1413 1724 1451 fir-

225 1485 323 1522 mari
354 1487 566 1535 putarunt,
607 1485 719 1534 quasi
758 1498 894 1522 versus
934 1484 1052 1521 huius
1084 1483 1225 1520 fabulae
1259 1496 1280 1520 a
1311 1483 1579 1531 grammaticis
1611 1481 1724 1519 affer-

225 1556 374 1601 rentur,
408 1553 475 1603 qui
505 1554 545 1590 in
578 1552 775 1590 codicibus
806 1566 883 1590 non
917 1555 1118 1598 extarent,
1152 1551 1366 1601 quidquam
1399 1553 1532 1599 agunt.
1594 1549 1725 1589 Unum

226 1623 329 1659 enim
371 1621 528 1659 omnino
569 1621 760 1659 eiusmodi
800 1634 956 1658 versum
986 1620 1137 1657 Nonius
1179 1618 1232 1670 (p.
1268 1621 1346 1658 305
1380 1633 1408 1656 s.
1441 1633 1476 1657 v.
1517 1615 1638 1666 fama)
1679 1632 1727 1656 ex

224 1691 408 1728 Asinaria
437 1690 590 1727 laudat:
629 1691 719 1740 „qui
753 1691 870 1727 etiam
902 1703 963 1726 me
994 1690 1181 1726 miserum
1212 1689 1405 1725 famosum
1436 1688 1532 1725 facit
1562 1686 1727 1737 flagitiis

226 1757 348 1796 suis“.
394 1758 539 1796 Verum
564 1759 646 1796 haeo
669 1759 791 1796 verba
820 1772 892 1796 nec
918 1759 958 1794 in
982 1757 1252 1795 Demaenetum
1283 1769 1353 1794 nec
1384 1757 1424 1793 in
1456 1756 1579 1793 ullam
1610 1755 1726 1792 aliam

225 1828 339 1864 huius
378 1827 519 1864 fabulae
557 1840 765 1876 personam
807 1827 1065 1872 conveniunt,
1105 1829 1150 1863 ut
1186 1827 1227 1862 in
1267 1828 1456 1875 promptu
1502 1825 1554 1862 sit
1600 1824 1726 1873 suspi-

228 1898 307 1933 cari
348 1909 498 1932 errasse
529 1895 702 1932 Nonium
733 1897 775 1932 in
805 1894 947 1932 fabulae
978 1896 1150 1932 nomine.
1211 1893 1297 1930 Hoc
1335 1906 1377 1930 re
1414 1906 1508 1930 vera
1546 1892 1602 1929 ita
1643 1905 1727 1929 esse

228 1964 362 2001 docuit
384 1963 630 2001 Studemund
653 1964 692 1999 in
716 1963 802 2000 Incl.
828 1963 950 2001 schol.
977 1962 1196 2012 Gryphisw.
1226 1958 1383 2008 18⁷¹s72,
1416 1974 1454 2010 p.
1485 1961 1547 2007 15,
1581 1961 1649 2010 qui
1681 1973 1727 1996 ex

227 2032 483 2082 palimpsesto
509 2031 772 2069 Ambrosiano
803 2032 905 2069 hunc
935 2044 1091 2068 versum
1116 2030 1266 2067 Casinae
1289 2029 1505 2066 vindicavit
1531 2025 1584 2075 (v.
1613 2025 1725 2075 911).

229 2101 356 2146 Quare
387 2100 499 2137 nobis
531 2100 688 2148 quidem
719 2101 818 2137 nihil
849 2100 1040 2137 excidisse
1071 2098 1241 2135 videtur.
1287 2097 1355 2134 Fit
1386 2097 1486 2133 enim
1510 2096 1584 2134 hoc
1610 2097 1728 2133 etiam

228 2170 267 2205 in
309 2169 394 2206 aliis
431 2168 594 2215 fabulis,
635 2172 680 2205 ut
720 2169 866 2206 eaedem
904 2180 1100 2218 personae,
1142 2180 1228 2216 quae
1268 2179 1423 2203 scenam
1468 2165 1726 2214 reliquerunt,

230 2237 356 2273 denuo
387 2236 569 2283 redeant,
602 2237 853 2274 intervallum
887 2240 1036 2283 autem,
1070 2235 1177 2284 quod
1208 2234 1428 2272 necessario
1458 2234 1603 2281 oritur,
1635 2233 1727 2270 tibi-

231 2306 326 2342 cinis
366 2308 484 2342 cantu
522 2305 720 2354 expletur,
754 2305 831 2342 vid.
864 2305 1020 2352 Proleg.
1053 2318 1091 2354 p.
1130 2304 1206 2340 168
1240 2316 1297 2352 sq.
1359 2301 1474 2338 Locis
1512 2301 1567 2338 ibi
1598 2301 1730 2338 allatis

230 2374 345 2410 etiam
378 2373 487 2423 Capt.
523 2375 603 2411 900
637 2373 728 2411 addi
758 2377 909 2424 potest,
949 2373 1017 2410 ubi
1055 2372 1251 2421 parasitus
1291 2371 1341 2407 ad
1377 2369 1596 2407 cenandum
1626 2369 1731 2407 aedes

229 2442 371 2488 intrat,
411 2442 589 2491 proximo
628 2445 757 2479 autem
795 2455 911 2478 versu
950 2454 1050 2491 puer
1082 2439 1173 2476 inde
1205 2441 1337 2477 exiens
1369 2438 1599 2476 aviditatem
1632 2438 1728 2484 eius,

231 2523 346 2558 quam
384 2510 424 2546 in
463 2523 557 2547 cena
589 2513 864 2558 conspexerat,
899 2508 1102 2554 describit,
1143 2511 1187 2545 ut
1225 2508 1281 2544 ibi
1322 2520 1478 2557 quoque
1518 2520 1599 2544 non
1628 2506 1730 2543 nihil

229 2578 419 2627 temporis
464 2578 731 2615 intercessisse
777 2581 976 2627 appareat.
1039 2577 1085 2613 In
1124 2576 1278 2614 Curcul.
1322 2577 1401 2613 460
1448 2588 1520 2625 pro
1565 2574 1729 2612 tibicine

232 2645 420 2695 choragiis
452 2650 695 2695 spectatores
727 2646 911 2682 oblectat.

347 2713 459 2758 Quod
480 2714 521 2749 in
547 2714 576 2749 Β
600 2714 690 2751 huic
715 2727 837 2751 scenae
862 2714 1172 2763 suprascriptum
1197 2717 1257 2750 est
1272 2712 1389 2759 DVO,
1415 2711 1600 2749 librarius
1625 2711 1731 2749 male

231 2781 437 2828 intellexit,
463 2781 565 2829 quod
592 2781 830 2828 legeratDV,
863 2781 888 2818 i.
915 2795 946 2818 e.
981 2781 1211 2828 diverbium,
1244 2795 1280 2819 v.
1306 2781 1461 2829 Proleg.
1489 2793 1527 2830 p.
1559 2780 1636 2817 170
1669 2792 1727 2829 sq.

230 2870 288 2874 —-
313 2851 406 2887 803.
441 2848 479 2886 Si
511 2862 648 2886 versus
680 2850 835 2897 integer
867 2852 935 2896 est,
969 2859 1094 2899 essone
1125 2850 1288 2887 alteram
1315 2849 1504 2898 syllabam
1530 2848 1728 2898 producit,
