<?xml version="1.0" encoding="UTF-8"?>
<!DOCTYPE html PUBLIC "-//W3C//DTD XHTML 1.0 Transitional//EN"
    "http://www.w3.org/TR/xhtml1/DTD/xhtml1-transitional.dtd">
<html xmlns="http://www.w3.org/1999/xhtml" xml:lang="en" lang="en">
 <head>
  <title>
</title>
<meta http-equiv="Content-Type" content="text/html;charset=utf-8" />
  <meta name='ocr-system' content='tesseract 3.04.00' />
  <meta name='ocr-capabilities' content='ocr_page ocr_carea ocr_par ocr_line ocrx_word'/>
</head>
<body>
  <div class='ocr_page' id='page_1' title='image "./comoediaerecensv01plauuoft_0082.png"; bbox 0 0 1926 3275; ppageno 0'>
   <div class='ocr_carea' id='block_1_1' title="bbox 306 290 1800 336">
    <p class='ocr_par' dir='ltr' id='par_1_1' title="bbox 306 290 1800 336">
     <span class='ocr_line' id='line_1_1' title="bbox 306 290 1800 336; baseline -0.002 -10"><span class='ocrx_word' id='word_1_1' title='bbox 306 299 357 336; x_wconf 77' lang='lat'>64</span> <span class='ocrx_word' id='word_1_2' title='bbox 989 292 1110 325; x_wconf 85' lang='lat' dir='ltr'>Plauti</span> <span class='ocrx_word' id='word_1_3' title='bbox 1564 290 1624 333; x_wconf 82' lang='lat' dir='ltr'>IV,</span> <span class='ocrx_word' id='word_1_4' title='bbox 1641 293 1672 333; x_wconf 71' lang='grc'>2,</span> <span class='ocrx_word' id='word_1_5' title='bbox 1686 291 1800 323; x_wconf 83' lang='grc'>6-14</span> 
     </span>
    </p>
   </div>
   <div class='ocr_carea' id='block_1_2' title="bbox 304 417 1802 828">
    <p class='ocr_par' dir='ltr' id='par_1_2' title="bbox 304 417 1802 828">
     <span class='ocr_line' id='line_1_2' title="bbox 903 417 1202 458; baseline -0.003 0"><span class='ocrx_word' id='word_1_6' title='bbox 903 417 1202 458; x_wconf 87' lang='lat' dir='ltr'>Mercurius</span> 
     </span>
     <span class='ocr_line' id='line_1_3' title="bbox 304 486 1563 544; baseline -0.005 -12"><span class='ocrx_word' id='word_1_7' title='bbox 304 492 371 532; x_wconf 84' lang='lat' dir='ltr'>Ita</span> <span class='ocrx_word' id='word_1_8' title='bbox 401 505 525 544; x_wconf 78' lang='lat' dir='ltr'>rog03</span> <span class='ocrx_word' id='word_1_9' title='bbox 558 505 695 544; x_wconf 87' lang='lat' dir='ltr'>paene</span> <span class='ocrx_word' id='word_1_10' title='bbox 727 490 958 542; x_wconf 80' lang='lat' dir='ltr'>ecfregisti,</span> <span class='ocrx_word' id='word_1_11' title='bbox 990 489 1121 539; x_wconf 79' lang='lat' dir='ltr'>fatue,</span> <span class='ocrx_word' id='word_1_12' title='bbox 1154 487 1319 528; x_wconf 86' lang='lat' dir='ltr'>foribus</span> <span class='ocrx_word' id='word_1_13' title='bbox 1353 486 1563 527; x_wconf 80' lang='lat' dir='ltr'>cardines.</span> 
     </span>
     <span class='ocr_line' id='line_1_4' title="bbox 304 557 1802 614; baseline -0.005 -10"><span class='ocrx_word' id='word_1_14' title='bbox 304 564 370 604; x_wconf 90' lang='lat' dir='ltr'>An</span> <span class='ocrx_word' id='word_1_15' title='bbox 400 562 504 604; x_wconf 86' lang='lat' dir='ltr'>foris</span> <span class='ocrx_word' id='word_1_16' title='bbox 537 562 744 603; x_wconf 79' lang='lat' dir='ltr'>censebas</span> <span class='ocrx_word' id='word_1_17' title='bbox 775 561 899 602; x_wconf 89' lang='lat' dir='ltr'>nobis</span> <span class='ocrx_word' id='word_1_18' title='bbox 931 560 1165 614; x_wconf 75' lang='lat' dir='ltr'>publicitus</span> <span class='ocrx_word' id='word_1_19' title='bbox 1197 558 1477 613; x_wconf 85' lang='lat' dir='ltr'>praeberier‘?</span> <span class='ocrx_word' id='word_1_20' title='bbox 1715 557 1802 590; x_wconf 83' lang='lat'>1020</span> 
     </span>
     <span class='ocr_line' id='line_1_5' title="bbox 306 628 1800 687; baseline -0.004 -12"><span class='ocrx_word' id='word_1_21' title='bbox 306 634 418 684; x_wconf 84' lang='lat' dir='ltr'>Quid</span> <span class='ocrx_word' id='word_1_22' title='bbox 448 649 514 675; x_wconf 87' lang='lat' dir='ltr'>me</span> <span class='ocrx_word' id='word_1_23' title='bbox 547 638 760 687; x_wconf 77' lang='lat' dir='ltr'>aspectas,</span> <span class='ocrx_word' id='word_1_24' title='bbox 795 633 981 674; x_wconf 74' lang='lat' dir='ltr'>stolide?</span> <span class='ocrx_word' id='word_1_25' title='bbox 1014 631 1117 685; x_wconf 88' lang='lat' dir='ltr'>quid</span> <span class='ocrx_word' id='word_1_26' title='bbox 1147 645 1261 672; x_wconf 91' lang='lat' dir='ltr'>nunc</span> <span class='ocrx_word' id='word_1_27' title='bbox 1292 631 1357 671; x_wconf 89' lang='lat' dir='ltr'>uis</span> <span class='ocrx_word' id='word_1_28' title='bbox 1387 630 1470 670; x_wconf 89' lang='lat' dir='ltr'>tibi</span> <span class='ocrx_word' id='word_1_29' title='bbox 1501 633 1576 670; x_wconf 86' lang='lat' dir='ltr'>aut</span> <span class='ocrx_word' id='word_1_30' title='bbox 1600 629 1694 682; x_wconf 90' lang='lat' dir='ltr'>quis</span> <span class='ocrx_word' id='word_1_31' title='bbox 1717 628 1800 670; x_wconf 88' lang='lat' dir='ltr'>tu’s</span> 
     </span>
     <span class='ocr_line' id='line_1_6' title="bbox 1256 702 1414 743; baseline 0 0"><span class='ocrx_word' id='word_1_32' title='bbox 1256 702 1414 743; x_wconf 86' lang='lat' dir='ltr'>homo‘?</span> 
     </span>
     <span class='ocr_line' id='line_1_7' title="bbox 899 774 1212 828; baseline 0 -13"><span class='ocrx_word' id='word_1_33' title='bbox 899 774 1212 828; x_wconf 87' lang='lat' dir='ltr'>Amphitruo</span> 
     </span>
    </p>
   </div>
   <div class='ocr_carea' id='block_1_3' title="bbox 306 843 1802 974">
    <p class='ocr_par' dir='ltr' id='par_1_3' title="bbox 306 843 1802 974">
     <span class='ocr_line' id='line_1_8' title="bbox 306 843 1802 901; baseline -0.005 -10"><span class='ocrx_word' id='word_1_34' title='bbox 306 850 511 900; x_wconf 81' lang='lat' dir='ltr'>Uerbero,</span> <span class='ocrx_word' id='word_1_35' title='bbox 540 850 671 890; x_wconf 88' lang='lat' dir='ltr'>etiam</span> <span class='ocrx_word' id='word_1_36' title='bbox 698 848 792 901; x_wconf 89' lang='lat' dir='ltr'>quis</span> <span class='ocrx_word' id='word_1_37' title='bbox 818 860 894 899; x_wconf 86' lang='lat' dir='ltr'>ego</span> <span class='ocrx_word' id='word_1_38' title='bbox 922 847 1001 887; x_wconf 85' lang='lat' dir='ltr'>sim</span> <span class='ocrx_word' id='word_1_39' title='bbox 1025 861 1090 887; x_wconf 91' lang='lat' dir='ltr'>me</span> <span class='ocrx_word' id='word_1_40' title='bbox 1115 847 1290 899; x_wconf 77' lang='lat' dir='ltr'>rogitas,</span> <span class='ocrx_word' id='word_1_41' title='bbox 1315 845 1530 886; x_wconf 89' lang='lat' dir='ltr'>ulmorum</span> <span class='ocrx_word' id='word_1_42' title='bbox 1546 843 1802 884; x_wconf 81' lang='lat' dir='ltr'>Acheruns?</span> 
     </span>
     <span class='ocr_line' id='line_1_9' title="bbox 307 915 1800 974; baseline -0.004 -12"><span class='ocrx_word' id='word_1_43' title='bbox 307 921 442 971; x_wconf 83' lang='lat' dir='ltr'>Quem</span> <span class='ocrx_word' id='word_1_44' title='bbox 467 920 538 974; x_wconf 93' lang='lat' dir='ltr'>pol</span> <span class='ocrx_word' id='word_1_45' title='bbox 562 933 639 972; x_wconf 88' lang='lat' dir='ltr'>ego</span> <span class='ocrx_word' id='word_1_46' title='bbox 664 919 792 960; x_wconf 89' lang='lat' dir='ltr'>hodie</span> <span class='ocrx_word' id='word_1_47' title='bbox 818 919 872 960; x_wconf 88' lang='lat' dir='ltr'>ob</span> <span class='ocrx_word' id='word_1_48' title='bbox 896 918 1033 959; x_wconf 79' lang='lat' dir='ltr'>istaec</span> <span class='ocrx_word' id='word_1_49' title='bbox 1059 917 1176 958; x_wconf 88' lang='lat' dir='ltr'>dicta</span> <span class='ocrx_word' id='word_1_50' title='bbox 1198 916 1357 958; x_wconf 83' lang='lat' dir='ltr'>faciam</span> <span class='ocrx_word' id='word_1_51' title='bbox 1379 916 1619 958; x_wconf 86' lang='lat' dir='ltr'>feruentem</span> <span class='ocrx_word' id='word_1_52' title='bbox 1642 915 1800 968; x_wconf 89' lang='lat' dir='ltr'>flagris.</span> 
     </span>
    </p>
   </div>
   <div class='ocr_carea' id='block_1_4' title="bbox 307 1004 1528 1130">
    <p class='ocr_par' dir='ltr' id='par_1_4' title="bbox 307 1004 1528 1130">
     <span class='ocr_line' id='line_1_10' title="bbox 905 1004 1204 1045; baseline -0.003 0"><span class='ocrx_word' id='word_1_53' title='bbox 905 1004 1204 1045; x_wconf 86' lang='lat' dir='ltr'>Mercurius</span> 
     </span>
     <span class='ocr_line' id='line_1_11' title="bbox 307 1075 1528 1130; baseline -0.003 -11"><span class='ocrx_word' id='word_1_54' title='bbox 307 1079 539 1130; x_wconf 85' lang='lat' dir='ltr'>Prodigum</span> <span class='ocrx_word' id='word_1_55' title='bbox 569 1082 612 1118; x_wconf 91' lang='lat' dir='ltr'>te</span> <span class='ocrx_word' id='word_1_56' title='bbox 643 1077 776 1117; x_wconf 83' lang='lat' dir='ltr'>fuisse</span> <span class='ocrx_word' id='word_1_57' title='bbox 808 1080 981 1129; x_wconf 86' lang='lat' dir='ltr'>oportet</span> <span class='ocrx_word' id='word_1_58' title='bbox 1012 1076 1112 1116; x_wconf 88' lang='lat' dir='ltr'>olim</span> <span class='ocrx_word' id='word_1_59' title='bbox 1142 1076 1186 1116; x_wconf 91' lang='lat' dir='ltr'>in</span> <span class='ocrx_word' id='word_1_60' title='bbox 1218 1075 1528 1116; x_wconf 82' lang='lat' dir='ltr'>adulescentia.</span> 
     </span>
    </p>
   </div>
   <div class='ocr_carea' id='block_1_5' title="bbox 309 1162 1214 1271">
    <p class='ocr_par' dir='ltr' id='par_1_5' title="bbox 309 1162 1214 1271">
     <span class='ocr_line' id='line_1_12' title="bbox 309 1162 1214 1271; baseline -0.002 -67"><span class='ocrx_word' id='word_1_61' title='bbox 309 1222 344 1271; x_wconf 73' lang='lat' dir='ltr'>Q</span> <span class='ocrx_word' id='word_1_62' title='bbox 380 1221 420 1261; x_wconf 31' lang='lat' dir='ltr'>‘d</span> <span class='ocrx_word' id='word_1_63' title='bbox 503 1221 521 1252; x_wconf 81' lang='lat'>‘&gt;</span> <span class='ocrx_word' id='word_1_64' title='bbox 898 1162 1214 1215; x_wconf 89' lang='lat' dir='ltr'>Amphitruo</span> 
     </span>
     <span class='ocr_line' id='line_1_13' title="bbox 347 1235 514 1262; baseline -0.012 0"><span class='ocrx_word' id='word_1_65' title='bbox 347 1236 389 1262; x_wconf 81' lang='lat' dir='ltr'>ui</span> <span class='ocrx_word' id='word_1_66' title='bbox 422 1235 514 1261; x_wconf 88' lang='lat' dir='ltr'>um.</span> 
     </span>
    </p>
   </div>
   <div class='ocr_carea' id='block_1_6' title="bbox 527 1290 1803 1413">
    <p class='ocr_par' dir='ltr' id='par_1_6' title="bbox 527 1290 1803 1413">
     <span class='ocr_line' id='line_1_14' title="bbox 908 1290 1206 1331; baseline 0 -1"><span class='ocrx_word' id='word_1_67' title='bbox 908 1290 1206 1331; x_wconf 87' lang='lat' dir='ltr'>Mercurius</span> 
     </span>
     <span class='ocr_line' id='line_1_15' title="bbox 527 1359 1803 1413; baseline -0.004 -10"><span class='ocrx_word' id='word_1_68' title='bbox 527 1363 636 1413; x_wconf 89' lang='lat' dir='ltr'>Quia</span> <span class='ocrx_word' id='word_1_69' title='bbox 667 1366 842 1403; x_wconf 85' lang='lat' dir='ltr'>senecta</span> <span class='ocrx_word' id='word_1_70' title='bbox 873 1366 1016 1402; x_wconf 85' lang='lat' dir='ltr'>aetate</span> <span class='ocrx_word' id='word_1_71' title='bbox 1050 1375 1075 1402; x_wconf 88' lang='lat' dir='ltr'>a</span> <span class='ocrx_word' id='word_1_72' title='bbox 1105 1375 1172 1402; x_wconf 87' lang='lat' dir='ltr'>me</span> <span class='ocrx_word' id='word_1_73' title='bbox 1203 1359 1422 1401; x_wconf 85' lang='lat' dir='ltr'>mendicas</span> <span class='ocrx_word' id='word_1_74' title='bbox 1454 1360 1627 1401; x_wconf 88' lang='lat' dir='ltr'>malum.</span> <span class='ocrx_word' id='word_1_75' title='bbox 1716 1365 1803 1399; x_wconf 82' lang='lat'>1025</span> 
     </span>
    </p>
   </div>
   <div class='ocr_carea' id='block_1_7' title="bbox 309 1447 1800 2158">
    <p class='ocr_par' dir='ltr' id='par_1_7' title="bbox 309 1432 1800 2158">
     <span class='ocr_line' id='line_1_16' title="bbox 900 1447 1251 1509; baseline 0 -21"><span class='ocrx_word' id='word_1_76' title='bbox 900 1448 937 1488; x_wconf 91' lang='lat' dir='ltr'><strong>A</strong></span> <span class='ocrx_word' id='word_1_77' title='bbox 946 1463 988 1488; x_wconf 91' lang='lat' dir='ltr'>m</span> <span class='ocrx_word' id='word_1_78' title='bbox 997 1463 1024 1501; x_wconf 89' lang='lat' dir='ltr'>p</span> <span class='ocrx_word' id='word_1_79' title='bbox 1034 1447 1062 1488; x_wconf 87' lang='lat' dir='ltr'>h</span> <span class='ocrx_word' id='word_1_80' title='bbox 1071 1448 1085 1488; x_wconf 85' lang='lat' dir='ltr'>i</span> <span class='ocrx_word' id='word_1_81' title='bbox 1094 1452 1112 1488; x_wconf 92' lang='lat' dir='ltr'>t</span> <span class='ocrx_word' id='word_1_82' title='bbox 1121 1462 1142 1488; x_wconf 89' lang='lat' dir='ltr'>r</span> <span class='ocrx_word' id='word_1_83' title='bbox 1151 1463 1179 1488; x_wconf 90' lang='lat' dir='ltr'>u</span> <span class='ocrx_word' id='word_1_84' title='bbox 1190 1461 1214 1488; x_wconf 93' lang='lat' dir='ltr'>o</span> <span class='ocrx_word' id='word_1_85' title='bbox 1244 1500 1251 1509; x_wconf 64' lang='lat'>,</span> 
     </span>
     <span class='ocr_line' id='line_1_17' title="bbox 310 1517 1673 1570; baseline -0.002 -9"><span class='ocrx_word' id='word_1_86' title='bbox 310 1520 417 1561; x_wconf 88' lang='lat' dir='ltr'>Cum</span> <span class='ocrx_word' id='word_1_87' title='bbox 448 1521 645 1561; x_wconf 87' lang='lat' dir='ltr'>cruciatu</span> <span class='ocrx_word' id='word_1_88' title='bbox 677 1524 751 1561; x_wconf 91' lang='lat' dir='ltr'>tuo</span> <span class='ocrx_word' id='word_1_89' title='bbox 784 1520 921 1560; x_wconf 85' lang='lat' dir='ltr'>istaec</span> <span class='ocrx_word' id='word_1_90' title='bbox 951 1519 1092 1570; x_wconf 73' lang='lat' dir='ltr'>hodie,</span> <span class='ocrx_word' id='word_1_91' title='bbox 1124 1532 1272 1569; x_wconf 86' lang='lat' dir='ltr'>uerna,</span> <span class='ocrx_word' id='word_1_92' title='bbox 1305 1518 1441 1559; x_wconf 89' lang='lat' dir='ltr'>uerba</span> <span class='ocrx_word' id='word_1_93' title='bbox 1470 1517 1673 1559; x_wconf 84' lang='lat' dir='ltr'>funditas.</span> 
     </span>
     <span class='ocr_line' id='line_1_18' title="bbox 907 1606 1205 1647; baseline -0.003 0"><span class='ocrx_word' id='word_1_94' title='bbox 907 1606 951 1647; x_wconf 88' lang='lat' dir='ltr'><strong>M</strong></span> <span class='ocrx_word' id='word_1_95' title='bbox 961 1620 983 1647; x_wconf 91' lang='lat' dir='ltr'>e</span> <span class='ocrx_word' id='word_1_96' title='bbox 993 1621 1014 1646; x_wconf 87' lang='lat' dir='ltr'>r</span> <span class='ocrx_word' id='word_1_97' title='bbox 1026 1620 1047 1647; x_wconf 90' lang='lat' dir='ltr'>c</span> <span class='ocrx_word' id='word_1_98' title='bbox 1056 1621 1085 1646; x_wconf 93' lang='lat' dir='ltr'>u</span> <span class='ocrx_word' id='word_1_99' title='bbox 1094 1620 1115 1646; x_wconf 90' lang='lat' dir='ltr'>r</span> <span class='ocrx_word' id='word_1_100' title='bbox 1125 1606 1176 1646; x_wconf 88' lang='lat' dir='ltr'>iu</span> <span class='ocrx_word' id='word_1_101' title='bbox 1186 1620 1205 1646; x_wconf 93' lang='lat' dir='ltr'>s</span> 
     </span>
     <span class='ocr_line' id='line_1_19' title="bbox 309 1677 907 1731; baseline -0.002 -12"><span class='ocrx_word' id='word_1_102' title='bbox 309 1678 528 1720; x_wconf 86' lang='lat' dir='ltr'>Sacrufico</span> <span class='ocrx_word' id='word_1_103' title='bbox 561 1692 638 1731; x_wconf 88' lang='lat' dir='ltr'>ego</span> <span class='ocrx_word' id='word_1_104' title='bbox 670 1692 785 1719; x_wconf 87' lang='lat' dir='ltr'>nunc</span> <span class='ocrx_word' id='word_1_105' title='bbox 814 1677 907 1719; x_wconf 88' lang='lat' dir='ltr'>tibi.</span> 
     </span>
     <span class='ocr_line' id='line_1_20' title="bbox 897 1748 1212 1802; baseline 0 -13"><span class='ocrx_word' id='word_1_106' title='bbox 897 1749 934 1790; x_wconf 90' lang='lat' dir='ltr'>A</span> <span class='ocrx_word' id='word_1_107' title='bbox 942 1764 984 1789; x_wconf 88' lang='lat' dir='ltr'>m</span> <span class='ocrx_word' id='word_1_108' title='bbox 995 1763 1021 1802; x_wconf 92' lang='lat' dir='ltr'>p</span> <span class='ocrx_word' id='word_1_109' title='bbox 1032 1748 1082 1789; x_wconf 92' lang='lat' dir='ltr'>hi</span> <span class='ocrx_word' id='word_1_110' title='bbox 1093 1752 1111 1789; x_wconf 90' lang='lat' dir='ltr'>t</span> <span class='ocrx_word' id='word_1_111' title='bbox 1120 1763 1141 1789; x_wconf 93' lang='lat' dir='ltr'>r</span> <span class='ocrx_word' id='word_1_112' title='bbox 1150 1764 1178 1790; x_wconf 93' lang='lat' dir='ltr'>u</span> <span class='ocrx_word' id='word_1_113' title='bbox 1189 1763 1212 1790; x_wconf 94' lang='lat' dir='ltr'>o</span> 
     </span>
     <span class='ocr_line' id='line_1_21' title="bbox 909 1821 1021 1870; baseline 0 -9"><span class='ocrx_word' id='word_1_114' title='bbox 909 1821 990 1870; x_wconf 86' lang='lat' dir='ltr'>Qui</span> <span class='ocrx_word' id='word_1_115' title='bbox 1001 1821 1021 1861; x_wconf 65' lang='lat'>⁶?</span> 
     </span>
     <span class='ocr_line' id='line_1_22' title="bbox 906 1892 1206 1933; baseline 0 -1"><span class='ocrx_word' id='word_1_116' title='bbox 906 1892 949 1932; x_wconf 94' lang='lat' dir='ltr'>M</span> <span class='ocrx_word' id='word_1_117' title='bbox 961 1906 983 1933; x_wconf 92' lang='lat' dir='ltr'>e</span> <span class='ocrx_word' id='word_1_118' title='bbox 993 1906 1015 1932; x_wconf 86' lang='lat' dir='ltr'>r</span> <span class='ocrx_word' id='word_1_119' title='bbox 1025 1905 1047 1932; x_wconf 90' lang='lat' dir='ltr'>c</span> <span class='ocrx_word' id='word_1_120' title='bbox 1057 1907 1085 1933; x_wconf 91' lang='lat' dir='ltr'>u</span> <span class='ocrx_word' id='word_1_121' title='bbox 1095 1892 1177 1932; x_wconf 86' lang='lat' dir='ltr'>riu</span> <span class='ocrx_word' id='word_1_122' title='bbox 1187 1905 1206 1932; x_wconf 90' lang='lat' dir='ltr'>s</span> 
     </span>
     <span class='ocr_line' id='line_1_23' title="bbox 1025 1960 1800 2013; baseline -0.003 -9"><span class='ocrx_word' id='word_1_123' title='bbox 1025 1963 1134 2013; x_wconf 84' lang='lat' dir='ltr'>Quia</span> <span class='ocrx_word' id='word_1_124' title='bbox 1165 1963 1279 2004; x_wconf 87' lang='lat' dir='ltr'>enim</span> <span class='ocrx_word' id='word_1_125' title='bbox 1309 1966 1352 2003; x_wconf 88' lang='lat' dir='ltr'>te</span> <span class='ocrx_word' id='word_1_126' title='bbox 1382 1965 1525 2002; x_wconf 85' lang='lat' dir='ltr'>macto</span> <span class='ocrx_word' id='word_1_127' title='bbox 1551 1960 1800 2003; x_wconf 87' lang='lat' dir='ltr'>infortunio.</span> 
     </span>
     <span class='ocr_line' id='line_1_24' title="bbox 901 2033 1214 2087; baseline 0.003 -13"><span class='ocrx_word' id='word_1_128' title='bbox 901 2034 988 2074; x_wconf 92' lang='lat' dir='ltr'>Am</span> <span class='ocrx_word' id='word_1_129' title='bbox 999 2049 1025 2087; x_wconf 86' lang='lat' dir='ltr'>p</span> <span class='ocrx_word' id='word_1_130' title='bbox 1035 2033 1085 2074; x_wconf 91' lang='lat' dir='ltr'>hi</span> <span class='ocrx_word' id='word_1_131' title='bbox 1095 2038 1143 2074; x_wconf 89' lang='lat' dir='ltr'>tr</span> <span class='ocrx_word' id='word_1_132' title='bbox 1153 2049 1181 2075; x_wconf 94' lang='lat' dir='ltr'>u</span> <span class='ocrx_word' id='word_1_133' title='bbox 1191 2049 1214 2075; x_wconf 95' lang='lat'>0</span> 
     </span>
     <span class='ocr_line' id='line_1_25' title="bbox 309 2103 1499 2158; baseline 0.001 -14"><span class='ocrx_word' id='word_1_134' title='bbox 309 2103 365 2144; x_wconf 86' lang='lat' dir='ltr'>At</span> <span class='ocrx_word' id='word_1_135' title='bbox 396 2117 472 2156; x_wconf 84' lang='lat' dir='ltr'>ego</span> <span class='ocrx_word' id='word_1_136' title='bbox 504 2108 547 2144; x_wconf 90' lang='lat' dir='ltr'>te</span> <span class='ocrx_word' id='word_1_137' title='bbox 580 2117 707 2144; x_wconf 88' lang='lat' dir='ltr'>cruce</span> <span class='ocrx_word' id='word_1_138' title='bbox 740 2108 782 2144; x_wconf 91' lang='lat' dir='ltr'>et</span> <span class='ocrx_word' id='word_1_139' title='bbox 813 2105 1006 2146; x_wconf 86' lang='lat' dir='ltr'>cruciatu</span> <span class='ocrx_word' id='word_1_140' title='bbox 1037 2105 1254 2156; x_wconf 80' lang='lat' dir='ltr'>mactabo,</span> <span class='ocrx_word' id='word_1_141' title='bbox 1286 2105 1499 2158; x_wconf 84' lang='lat' dir='ltr'>mastigia.</span> 
     </span>
    </p>
   </div>
   <div class='ocr_carea' id='block_1_8' title="bbox 311 2246 1201 2371">
    <p class='ocr_par' dir='ltr' id='par_1_8' title="bbox 311 2246 1201 2371">
     <span class='ocr_line' id='line_1_26' title="bbox 906 2246 1201 2288; baseline 0.003 -1"><span class='ocrx_word' id='word_1_142' title='bbox 906 2246 1201 2288; x_wconf 88' lang='lat' dir='ltr'>Mercurius</span> 
     </span>
     <span class='ocr_line' id='line_1_27' title="bbox 311 2316 1082 2371; baseline 0.003 -15"><span class='ocrx_word' id='word_1_143' title='bbox 311 2316 421 2356; x_wconf 85' lang='lat' dir='ltr'>Erus</span> <span class='ocrx_word' id='word_1_144' title='bbox 454 2316 708 2369; x_wconf 86' lang='lat' dir='ltr'>Amphitruo</span> <span class='ocrx_word' id='word_1_145' title='bbox 741 2321 803 2357; x_wconf 78' lang='lat' dir='ltr'>est</span> <span class='ocrx_word' id='word_1_146' title='bbox 833 2322 1082 2371; x_wconf 87' lang='lat' dir='ltr'>occupatus.</span> 
     </span>
    </p>
   </div>
   <div class='ocr_carea' id='block_1_9' title="bbox 337 2456 412 2458">
    <p class='ocr_par' dir='ltr' id='par_1_9' title="bbox 337 2456 412 2458">
     <span class='ocr_line' id='line_1_28' title="bbox 337 2456 412 2458; baseline 0 0"><span class='ocrx_word' id='word_1_147' title='bbox 337 2456 412 2458; x_wconf 95' lang='lat' dir='ltr'> </span> 
     </span>
    </p>
   </div>
   <div class='ocr_carea' id='block_1_10' title="bbox 413 2456 571 2459">
    <p class='ocr_par' dir='ltr' id='par_1_10' title="bbox 413 2456 571 2459">
     <span class='ocr_line' id='line_1_29' title="bbox 413 2456 571 2459; baseline 0 0"><span class='ocrx_word' id='word_1_148' title='bbox 413 2456 571 2459; x_wconf 95' lang='lat' dir='ltr'> </span> 
     </span>
    </p>
   </div>
   <div class='ocr_carea' id='block_1_11' title="bbox 316 2509 1800 2600">
    <p class='ocr_par' dir='ltr' id='par_1_11' title="bbox 316 2509 1800 2600">
     <span class='ocr_line' id='line_1_30' title="bbox 316 2509 1800 2553; baseline 0.003 -12"><span class='ocrx_word' id='word_1_149' title='bbox 316 2511 399 2542; x_wconf 79' lang='lat'>1010</span> <span class='ocrx_word' id='word_1_150' title='bbox 425 2509 619 2553; x_wconf 66' lang='lat' dir='ltr'>effi-egistis</span> <span class='ocrx_word' id='word_1_151' title='bbox 700 2511 785 2543; x_wconf 94' lang='grc'>1020</span> <span class='ocrx_word' id='word_1_152' title='bbox 810 2511 993 2553; x_wconf 84' lang='lat' dir='ltr'>publicius</span> <span class='ocrx_word' id='word_1_153' title='bbox 1070 2513 1156 2545; x_wconf 83' lang='lat'>1024</span> <span class='ocrx_word' id='word_1_154' title='bbox 1181 2511 1468 2546; x_wconf 82' lang='lat' dir='ltr'>adolescentiam</span> <span class='ocrx_word' id='word_1_155' title='bbox 1541 2512 1718 2546; x_wconf 84' lang='lat'>1028—50</span> <span class='ocrx_word' id='word_1_156' title='bbox 1742 2510 1800 2545; x_wconf 84' lang='lat' dir='ltr'>de-</span> 
     </span>
     <span class='ocr_line' id='line_1_31' title="bbox 380 2566 738 2600; baseline 0.008 -4"><span class='ocrx_word' id='word_1_157' title='bbox 380 2570 463 2598; x_wconf 73' lang='lat' dir='ltr'>sunt</span> <span class='ocrx_word' id='word_1_158' title='bbox 489 2567 525 2598; x_wconf 72' lang='lat' dir='ltr'>in</span> <span class='ocrx_word' id='word_1_159' title='bbox 549 2566 738 2600; x_wconf 73' lang='lat' dir='ltr'>codicibus.</span> 
     </span>
    </p>
   </div>
   <div class='ocr_carea' id='block_1_12' title="bbox 316 2621 1802 2779">
    <p class='ocr_par' dir='ltr' id='par_1_12' title="bbox 316 2621 1802 2779">
     <span class='ocr_line' id='line_1_32' title="bbox 316 2621 1802 2668; baseline 0.002 -15"><span class='ocrx_word' id='word_1_160' title='bbox 316 2622 399 2653; x_wconf 64' lang='lat'>1025</span> <span class='ocrx_word' id='word_1_161' title='bbox 424 2621 569 2654; x_wconf 54' lang='lat' dir='ltr'>Nonius</span> <span class='ocrx_word' id='word_1_162' title='bbox 592 2632 630 2664; x_wconf 77' lang='lat' dir='ltr'>p.</span> <span class='ocrx_word' id='word_1_163' title='bbox 658 2624 753 2655; x_wconf 69' lang='lat'><em>342.-</em></span> <span class='ocrx_word' id='word_1_164' title='bbox 791 2622 954 2656; x_wconf 81' lang='lat' dir='ltr'>Mactare</span> <span class='ocrx_word' id='word_1_165' title='bbox 985 2623 1084 2656; x_wconf 84' lang='lat' dir='ltr'>malo</span> <span class='ocrx_word' id='word_1_166' title='bbox 1116 2622 1260 2657; x_wconf 74' lang='lat' dir='ltr'>afficere</span> <span class='ocrx_word' id='word_1_167' title='bbox 1291 2623 1486 2668; x_wconf 83' lang='lat' dir='ltr'>significat.</span> <span class='ocrx_word' id='word_1_168' title='bbox 1536 2623 1687 2657; x_wconf 82' lang='lat' dir='ltr'>Plautus</span> <span class='ocrx_word' id='word_1_169' title='bbox 1718 2623 1802 2656; x_wconf 88' lang='lat' dir='ltr'>Am-</span> 
     </span>
     <span class='ocr_line' id='line_1_33' title="bbox 382 2676 1801 2723; baseline 0.002 -14"><span class='ocrx_word' id='word_1_170' title='bbox 382 2676 591 2720; x_wconf 76' lang='lat' dir='ltr'>phitryone:</span> <span class='ocrx_word' id='word_1_171' title='bbox 618 2678 668 2710; x_wconf 80' lang='lat' dir='ltr'>At</span> <span class='ocrx_word' id='word_1_172' title='bbox 687 2689 755 2720; x_wconf 83' lang='lat' dir='ltr'>ego</span> <span class='ocrx_word' id='word_1_173' title='bbox 775 2682 875 2711; x_wconf 68' lang='lat' dir='ltr'>corto</span> <span class='ocrx_word' id='word_1_174' title='bbox 896 2690 1002 2712; x_wconf 82' lang='lat' dir='ltr'>cruce</span> <span class='ocrx_word' id='word_1_175' title='bbox 1023 2683 1059 2712; x_wconf 83' lang='lat' dir='ltr'>et</span> <span class='ocrx_word' id='word_1_176' title='bbox 1078 2679 1279 2713; x_wconf 84' lang='lat' dir='ltr'>cruciatum</span> <span class='ocrx_word' id='word_1_177' title='bbox 1299 2681 1481 2714; x_wconf 86' lang='lat' dir='ltr'>mactabo.</span> <span class='ocrx_word' id='word_1_178' title='bbox 1505 2690 1598 2713; x_wconf 85' lang='lat' dir='ltr'>exuo</span> <span class='ocrx_word' id='word_1_179' title='bbox 1617 2679 1801 2723; x_wconf 84' lang='lat' dir='ltr'>mastigia.</span> 
     </span>
     <span class='ocr_line' id='line_1_34' title="bbox 317 2732 1802 2779; baseline 0.003 -15"><span class='ocrx_word' id='word_1_180' title='bbox 317 2733 400 2764; x_wconf 76' lang='lat'>1029</span> <span class='ocrx_word' id='word_1_181' title='bbox 435 2732 581 2766; x_wconf 69' lang='lat' dir='ltr'>Nonius</span> <span class='ocrx_word' id='word_1_182' title='bbox 611 2743 648 2775; x_wconf 78' lang='lat' dir='ltr'>p.</span> <span class='ocrx_word' id='word_1_183' title='bbox 687 2735 759 2766; x_wconf 75' lang='lat'>354</span> <span class='ocrx_word' id='word_1_184' title='bbox 795 2745 844 2776; x_wconf 74' lang='lat' dir='ltr'>sq.</span> <span class='ocrx_word' id='word_1_185' title='bbox 896 2734 1123 2778; x_wconf 82' lang='lat' dir='ltr'>Occupatus,</span> <span class='ocrx_word' id='word_1_186' title='bbox 1168 2735 1383 2779; x_wconf 74' lang='lat' dir='ltr'>impeditus,</span> <span class='ocrx_word' id='word_1_187' title='bbox 1425 2739 1466 2770; x_wconf 81' lang='lat' dir='ltr'>ut</span> <span class='ocrx_word' id='word_1_188' title='bbox 1502 2735 1629 2769; x_wconf 83' lang='lat' dir='ltr'>Graece</span> <span class='ocrx_word' id='word_1_189' title='bbox 1667 2735 1802 2769; x_wconf 82' lang='lat' dir='ltr'>dicitur</span> 
     </span>
    </p>
   </div>
   <div class='ocr_carea' id='block_1_13' title="bbox 381 2788 1800 2888">
    <p class='ocr_par' dir='ltr' id='par_1_13' title="bbox 381 2788 1800 2888">
     <span class='ocr_line' id='line_1_35' title="bbox 381 2788 1800 2837; baseline 0.004 -17"><span class='ocrx_word' id='word_1_190' title='bbox 381 2791 524 2830; x_wconf 64' lang='grc' dir='ltr'>ἀσχολεῖ,</span> <span class='ocrx_word' id='word_1_191' title='bbox 556 2789 591 2821; x_wconf 78' lang='lat' dir='ltr'>id</span> <span class='ocrx_word' id='word_1_192' title='bbox 623 2792 692 2822; x_wconf 83' lang='lat' dir='ltr'>est:</span> <span class='ocrx_word' id='word_1_193' title='bbox 732 2788 875 2823; x_wconf 81' lang='lat' dir='ltr'>Uacuus</span> <span class='ocrx_word' id='word_1_194' title='bbox 907 2802 983 2824; x_wconf 90' lang='lat' dir='ltr'>non</span> <span class='ocrx_word' id='word_1_195' title='bbox 1014 2793 1079 2824; x_wconf 84' lang='lat' dir='ltr'>est.</span> <span class='ocrx_word' id='word_1_196' title='bbox 1135 2790 1284 2826; x_wconf 81' lang='lat' dir='ltr'>Plautus</span> <span class='ocrx_word' id='word_1_197' title='bbox 1315 2793 1354 2826; x_wconf 89' lang='lat' dir='ltr'>in</span> <span class='ocrx_word' id='word_1_198' title='bbox 1384 2792 1670 2837; x_wconf 84' lang='lat' dir='ltr'>Amphitryone:</span> <span class='ocrx_word' id='word_1_199' title='bbox 1706 2791 1800 2826; x_wconf 85' lang='lat' dir='ltr'>Erus</span> 
     </span>
     <span class='ocr_line' id='line_1_36' title="bbox 381 2843 877 2888; baseline 0.006 -12"><span class='ocrx_word' id='word_1_200' title='bbox 381 2843 601 2886; x_wconf 78' lang='lat' dir='ltr'>Amphitryo</span> <span class='ocrx_word' id='word_1_201' title='bbox 627 2848 834 2888; x_wconf 63' lang='lat' dir='ltr'>occupatus.</span> <span class='ocrx_word' id='word_1_202' title='bbox 867 2874 877 2880; x_wconf 88' lang='lat'><em>.</em></span> 
     </span>
    </p>
   </div>
  </div>
 </body>
</html>
