1926 3275
736 284 1016 330 Prolegomena.
1553 289 1630 329 187

131 415 277 462 „etiam
307 413 528 453 Menander
560 414 602 451 in
632 414 837 452 comoediis
868 414 1099 464 frequenter
1129 428 1152 452 a
1182 414 1422 452 continuatis
1453 414 1631 452 iambicis

124 483 304 520 versibus
349 482 400 520 ad
445 482 668 519 trochaicos
705 483 851 519 transit
891 485 931 519 et
968 496 1125 520 rursum
1163 482 1213 520 ad
1250 482 1439 521 iambicos
1478 482 1631 530 redit“;

126 550 198 588 sed
226 551 343 588 huius
373 550 433 587 rei
462 549 560 587 fides
590 563 710 599 penes
741 553 942 587 auctorem
972 551 1036 588 sit.

239 618 295 657 Ut
324 631 461 655 versus
493 618 678 665 catalexi,
712 619 768 655 ita
797 621 969 667 systema
999 618 1227 656 clausula
1257 618 1508 656 terminatur.
1570 618 1633 657 Sic

125 687 229 724 enim
269 686 473 737 appellant
513 685 716 723 breviores
746 686 837 723 illos
866 699 1020 734 versus,
1055 687 1123 735 qui
1154 687 1381 724 continuam
1412 687 1633 724 octonario-

124 769 212 793 rum
258 758 327 792 aut
371 754 715 803 quaternariorum
761 754 900 791 seriem
947 754 1158 801 claudunt3
1205 754 1332 792 Graeci
1376 755 1477 791 κῶλα
1516 757 1634 792 τελικὰ

53 844 57 848 ·
124 823 439 874 appellaverant.
502 821 695 859 Clausulae
727 823 884 870 cognati
914 823 1071 872 generis
1103 835 1186 859 esse
1218 822 1382 870 debent,
1414 826 1461 860 ut
1490 823 1633 861 iambis

124 891 316 937 iambicae,
348 889 535 927 trochaeis
565 889 794 936 trochaicae,
827 891 1036 940 anapaestis
1068 892 1316 940 anapaesticae
1349 891 1534 929 clausulae
1565 891 1633 929 ad-

125 959 285 997 dantur.
347 956 591 1004 Quibusdam
637 970 707 993 sua
745 958 903 995 nomina
942 958 1071 995 indita
1112 962 1220 1006 sunt,
1261 962 1306 996 ut
1342 959 1633 997 trochaicorum

123 1026 384 1078 ithyphallico
422 1025 554 1062 versui
587 1022 648 1072 (—
672 1046 949 1058 vvvvv
952 1023 990 1073 ),
1032 1027 1361 1076 anapaesticorum
1398 1028 1633 1076 paroemiaco

128 1094 143 1144 (
146 1114 713 1127 vvvvvvvvvv
716 1090 752 1141 );
791 1093 862 1130 sed
899 1094 1018 1131 etiam
1057 1094 1144 1131 aliis
1183 1094 1310 1131 modis
1349 1093 1452 1132 effici
1488 1099 1631 1144 potest,

123 1167 169 1202 ut
197 1163 294 1201 talia
325 1164 545 1211 systemata
576 1164 668 1211 apte
699 1160 902 1208 desinant3
920 1148 1103 1199 'iambico
1136 1162 1296 1212 quidem
1327 1164 1534 1211 systemati
1561 1176 1633 1213 pro

124 1231 302 1269 clausula
333 1230 459 1280 quivis
492 1230 679 1267 convenit
707 1243 844 1267 versus
874 1230 1068 1267 iambicus
1100 1230 1366 1267 catalecticus.

236 1299 327 1336 Non
378 1311 593 1347 numquam
644 1296 907 1347 praefiguntur
959 1298 1187 1347 systematis
1241 1299 1387 1336 similes
1432 1298 1634 1337 breviores

123 1380 274 1405 versus.
320 1366 402 1403 Has
428 1379 586 1416 quoque
610 1365 766 1414 antiqui
796 1365 991 1403 clausulas
1023 1366 1289 1416 appellabant,
1321 1367 1420 1403 miro
1452 1367 1632 1413 nomine3

122 1436 258 1486 potius
291 1434 478 1472 anabolas
509 1437 578 1471 aut
608 1434 733 1470 simile
766 1433 861 1482 quid
891 1446 1035 1471 vocare
1072 1434 1307 1472 debuerunt.
1368 1434 1495 1472 Varro
1528 1435 1634 1485 apud

123 1504 309 1542 Rufinum
340 1516 378 1552 p.
413 1503 543 1540 2707:
582 1501 697 1548 „Non
726 1500 965 1551 numquam“
1011 1502 1141 1551 inquit
1183 1503 1255 1549 „ab
1295 1503 1355 1540 his
1386 1503 1544 1540 initium
1575 1503 1632 1550 fit,

123 1576 170 1609 ut
201 1571 309 1622 apud
339 1570 538 1609 Caecilium
574 1569 647 1617 „Di
677 1569 790 1616 boni,
824 1570 921 1619 quid
950 1568 1075 1607 hoc‘?“
1120 1571 1227 1620 apud
1256 1571 1483 1608 Terentium
1520 1570 1633 1618 „Dis-

124 1641 279 1678 crucior
310 1636 471 1676 animi“.
525 1638 703 1675 Terentii
735 1638 956 1688 exemplum
989 1638 1096 1688 quod
1125 1639 1261 1689 posuit
1296 1636 1483 1689 (Adelph.
1519 1636 1632 1686 610),

123 1708 199 1746 huc
230 1721 309 1745 non
339 1707 534 1757 pertinet;
567 1706 636 1743 sed
668 1706 746 1743 alia
776 1706 1050 1753 inveniuntur,
1083 1710 1128 1744 ut
1155 1706 1256 1744 Eun.
1291 1708 1392 1744 292:
1431 1704 1632 1753 „Occidi“,

123 1776 282 1814 Phorm.
310 1776 390 1812 485
429 1772 616 1821 „Dorio“‚
649 1777 864 1823 utrumque
896 1777 986 1811 ante
1013 1774 1199 1812 iambicos
1225 1775 1468 1822 octonarios3
1502 1774 1634 1811 Plauti

123 1844 234 1882 nulla
266 1846 372 1881 certa
403 1842 584 1892 exempla
613 1845 842 1892 suppetunt.

238 1911 463 1949 Trochaicis
496 1910 709 1948 octonariis
739 1910 944 1960 pauciores
976 1923 1100 1948 scenae
1134 1914 1203 1948 aut
1232 1914 1327 1949 totae
1354 1914 1423 1948 aut
1447 1911 1633 1948 maiorem

123 1983 279 2031 partem
309 1979 466 2029 scriptae
497 1982 601 2025 sunt,
633 1981 678 2016 ut
706 1978 798 2016 Aul.
833 1979 912 2016 809
946 1992 1003 2028 sq.
1036 1979 1180 2017 Pseud.
1216 1980 1294 2017 132
1328 1993 1385 2029 sq.
1432 1979 1504 2016 His
1536 1992 1633 2029 quo-

125 2061 200 2097 que
223 2047 424 2084 breviores
448 2046 622 2084 eiusdem
645 2047 800 2096 generis
823 2060 960 2085 versus
984 2048 1318 2095 intermiscentur,
1337 2061 1408 2084 nec
1432 2048 1634 2097 respuitur

124 2116 294 2154 varietas
333 2115 557 2165 interrupto
591 2115 730 2153 ordine
759 2118 864 2153 nata.
927 2115 1005 2153 Sed
1035 2116 1270 2165 plerumque
1301 2116 1416 2153 initio
1447 2116 1552 2153 facto
1584 2115 1632 2153 ab

124 2196 202 2221 uno
241 2186 309 2221 aut
343 2183 482 2233 paucis
526 2184 738 2221 octonariis
783 2183 995 2221 trochaicis
1044 2183 1095 2220 ad
1140 2184 1217 2221 alia
1260 2197 1446 2221 versuum
1490 2197 1635 2234 genera

124 2253 335 2298 transitur,
374 2250 484 2288 velut
523 2252 573 2288 ad
612 2252 860 2301 septenarios
902 2251 1143 2299 trochaicos,
1183 2255 1229 2289 ut
1261 2251 1372 2302 Capt.
1408 2253 1502 2290 240.
1537 2253 1631 2298 922,

125 2323 195 2357 aut
227 2320 278 2357 ad
308 2319 484 2365 creticos,
516 2322 562 2356 ut
591 2319 732 2357 Bacch.
766 2321 846 2358 610
879 2332 936 2369 sq.
972 2321 1052 2357 638
1085 2333 1156 2369 sq.‚
1190 2323 1258 2357 aut
1289 2319 1338 2357 ad
1369 2320 1480 2357 varia
1511 2321 1632 2357 canti-

126 2401 261 2426 corum
290 2389 429 2424 metra.

739 2455 1022 2505 Anapaestis

127 2522 350 2561 Graecorum
383 2522 562 2572 exemplo
588 2522 754 2560 Plautus
786 2536 864 2560 non
894 2536 985 2561 raro
1017 2523 1159 2569 utitur,
1192 2522 1262 2560 sed
1292 2523 1484 2572 insignem
1515 2523 1632 2560 huius

127 2591 282 2639 generis
327 2590 570 2628 hilaritatem
612 2591 854 2640 celeremque
896 2591 1103 2628 decursum
1146 2589 1258 2627 rudis
1295 2590 1531 2628 Latinorum
1569 2604 1633 2628 ars

127 2657 301 2696 nondum
333 2659 491 2708 assequi
520 2662 701 2708 poterat,
735 2671 858 2708 eaque
888 2658 1054 2696 Plautus
1095 2659 1172 2696 sibi
1211 2659 1332 2697 licere
1369 2661 1548 2709 putavit,
1587 2663 1632 2696 ut

126 2726 327 2763 interdum
365 2726 414 2764 de
452 2727 540 2776 ipso
579 2739 721 2775 genere
761 2726 978 2764 dubitetur.
1039 2726 1139 2764 Nam
1178 2741 1299 2777 quum
1338 2728 1444 2778 apud
1475 2727 1632 2765 Graecos

127 2797 328 2844 anapaesto
359 2794 534 2842 legitime
559 2794 827 2832 substituatur
851 2795 1060 2845 spondeus,
1087 2798 1207 2845 atque
1231 2797 1351 2833 etiam
1378 2795 1570 2845 dactylus,
1599 2796 1632 2832 si

127 2862 308 2911 sequitur
338 2861 548 2912 spondeus,
582 2862 687 2912 apud
710 2862 895 2901 Plautum
926 2867 966 2901 et
997 2863 1197 2912 dactylum
1229 2867 1452 2914 anapaestus
1484 2864 1631 2912 excipit
