1926 3275
748 300 790 335 v.
816 300 1008 336 264—286.
1550 303 1633 344 377

127 427 345 481 Praefflzas
388 444 463 481 pro
508 441 719 480 praegnans
765 429 872 480 apud
920 430 1106 479 antiquos
1151 429 1319 467 Latinos
1373 429 1631 478 scribebatur,

124 499 205 537 vid.
237 498 425 545 Corssen,
465 498 719 548 Aussprache
758 501 831 535 etc.
872 497 909 535 d.
949 498 1087 535 latein.
1129 497 1302 547 Sprache
1337 498 1374 545 I,
1413 511 1453 548 p.
1489 499 1539 535 96
1572 512 1630 548 sq.

124 566 251 605 Indic.
290 566 407 616 Corp.
439 566 541 604 Insc.
573 565 661 603 Lat.
695 565 732 613 Ι,
774 579 813 616 p.
848 566 942 604 608.
988 586 1046 590 —
1092 566 1185 602 276.
1226 575 1270 603 se
1308 563 1634 615 supterclzcxerit,

126 635 174 672 cf.
206 635 292 673 Mil.
328 635 427 672 345:
481 634 563 680 „Ne
608 633 684 670 tibi
725 633 823 671 clam
862 647 903 671 se
942 633 1201 684 supterducat
1237 632 1395 672 istinc“.
1457 634 1497 672 Si
1534 637 1634 671 tem—

124 715 219 753 pus,
259 703 409 752 inquit,
449 702 540 739 huic
579 701 711 739 fraudi
751 704 1017 752 opportunum
1057 702 1275 750 aufugerit,
1308 702 1484 740 Libanus
1522 716 1633 739 num-

125 783 245 820 quam
290 773 547 819 assequetur,
594 769 700 818 quod
747 770 781 806 si
826 782 968 819 parum
1012 771 1177 816 usitate,
1224 770 1305 816 vel,
1353 770 1385 807 si
1430 771 1517 820 quis
1561 770 1637 808 hoc

125 838 260 885 malit,
299 851 442 888 parum
482 840 665 874 accurate
705 837 825 884 dixit,
865 838 1006 874 saltem
1045 838 1204 885 melius,
1245 851 1363 888 quam
1402 838 1509 887 quod
1552 839 1637 884 „vir

126 903 404 943 doctissimus“
444 905 550 955 apud
579 905 743 942 Loman.
777 904 888 954 Spec.
920 918 958 954 p.
995 906 1043 942 16
1075 906 1226 943 voluit:
1267 907 1506 953 „occasionis
1537 909 1635 943 tem-

126 971 250 1023 pus“;
283 986 375 1010 nam
407 974 542 1022 potius
572 974 762 1022 temporis
794 973 947 1010 occasio
973 972 1140 1010 dicenda
1167 977 1263 1011 erat.
1310 974 1457 1011 Verum
1482 975 1635 1011 numeri

124 1054 204 1079 non
236 1044 430 1088 constant,
464 1054 585 1090 quare
617 1040 706 1078 edd.
738 1040 859 1078 verba
888 1044 1235 1091 transposuerunt,
1270 1042 1408 1079 Both:
1448 1042 1572 1090 „Nam
1603 1044 1636 1080 si

127 1123 169 1147 se
200 1110 292 1147 huic
322 1122 357 1146 o.
383 1113 539 1159 tempus
567 1107 914 1159 supterduxe1·it“;
945 1108 1026 1146 FL:
1057 1110 1275 1156 „occasioni
1299 1108 1438 1156 huic“;
1470 1110 1634 1147 Malles:

130 1177 255 1225 „Nam
279 1178 371 1214 huic
397 1175 471 1214 si‘⁴.
504 1176 701 1225 Equidem
731 1174 862 1223 „sese“
890 1190 964 1226 pro
995 1178 1053 1223 „si
1077 1175 1141 1214 se“
1171 1178 1360 1227 scriptum
1383 1191 1467 1214 esse
1485 1191 1635 1225 censeo,

126 1249 166 1283 et
194 1245 268 1283 hoc
299 1246 489 1282 restituto
522 1244 689 1281 alterum
720 1242 799 1291 „si“
829 1244 1055 1282 deleverim.
1082 1265 1138 1269 ———
1164 1247 1256 1282 277.
1282 1243 1505 1294 572672'222'860,
1532 1246 1637 1296 quod

125 1314 273 1363 legitur
303 1313 422 1350 etiam
453 1312 543 1350 Aul.
578 1313 672 1359 766,
706 1313 787 1350 sive
818 1310 1054 1361 imb'pe'scor
1088 1311 1221 1363 (Epid.
1255 1314 1350 1351 443.
1383 1314 1485 1352 Rud.
1517 1316 1636 1352 1315.

126 1381 247 1419 Stich.
283 1382 376 1419 563.
409 1380 521 1418 Trin.
551 1378 671 1427 224),
706 1383 967 1430 compositum
1000 1394 1046 1417 ex
1077 1381 1173 1417 indu
1206 1384 1243 1418 et
1277 1383 1450 1431 apiscor,
1485 1386 1561 1429 est,
1595 1387 1640 1420 ut

127 1451 184 1487 ait
213 1449 324 1499 Epit.
356 1448 466 1486 Festi
504 1461 542 1498 p.
580 1449 678 1495 106,
719 1461 925 1498 assequor,
969 1448 1181 1498 adipiscor.
1220 1469 1278 1474 —
1320 1446 1544 1501 chadriffl's
1590 1451 1638 1487 ad

127 1531 317 1556 summam
351 1517 596 1555 celeritatem
628 1516 925 1566 significandam
964 1517 1106 1566 saepius
1144 1518 1270 1554 utitur
1300 1518 1485 1565 Plautus,
1519 1532 1554 1556 V.
1589 1519 1638 1555 ad

127 1587 270 1637 Amph.
298 1587 395 1623 418.
449 1581 553 1622 Albe]
585 1588 622 1621 et
653 1584 815 1622 deorum
849 1589 888 1622 et
916 1585 1256 1634 triumphatorum
1289 1587 1379 1635 equi
1411 1589 1536 1633 erant,
1571 1587 1639 1636 qui

130 1669 218 1693 cum
247 1652 544 1702 magnificentia
584 1656 623 1690 et
660 1653 958 1703 pulchritudine
991 1657 1141 1690 ceteros
1172 1658 1363 1702 praestare
1394 1654 1635 1701 viderentur,

128 1727 213 1761 tum
240 1723 443 1760 celeritate
471 1722 662 1759 excellere
687 1720 952 1771 putabantur3
981 1720 1027 1758 cf.
1053 1721 1147 1758 Hor.
1172 1720 1253 1758 Sat.
1279 1722 1308 1767 Ι,
1338 1723 1373 1767 7,
1402 1723 1444 1758 S:
1484 1721 1637 1769 „Sisen-

128 1805 198 1829 nas
229 1791 374 1828 Barros
412 1793 457 1826 ut
496 1790 607 1838 equis
645 1792 907 1839 praecurreret
945 1787 1084 1826 albis‘⁴.
1148 1789 1274 1826 Catul.
1311 1791 1380 1836 58,
1418 1791 1487 1827 10:
1525 1789 1637 1836 „Non

127 1859 250 1897 Rhesi
288 1860 411 1896 niveae
453 1858 619 1906 citaeque
652 1855 795 1907 bigae“.
828 1878 884 1881 —
917 1858 1009 1894 278.
1042 1856 1138 1894 Post
1179 1867 1291 1895 eram
1332 1858 1486 1905 hiatus,
1528 1859 1637 1895 cuius

127 1927 282 1964 vitandi
315 1939 433 1963 causa
455 1924 515 1962 Fl.
554 1923 667 1972 .,ille“
705 1925 889 1972 addebat,
922 1925 1080 1972 Muller,
1115 1925 1220 1975 quod
1251 1925 1347 1962 ferri
1378 1939 1458 1963 non
1489 1929 1636 1975 potest,

134 1993 232 2042 „si⁴‘.
266 1993 591 2044 Comparationes
616 2008 638 2030 a
660 2006 703 2030 re
727 1993 891 2030 militari
916 1993 1042 2031 ductae
1068 1993 1279 2031 admodum
1298 1994 1524 2043 frequentes
1548 1997 1639 2030 sunt

130 2063 237 2114 apud
253 2066 392 2112 poetas
412 2064 583 2099 comicos
600 2061 811 2109 Romanos,
831 2062 878 2099 cf.
898 2075 1004 2111 supr.
1023 2076 1058 2099 v.
1082 2063 1174 2099 105.
1197 2061 1355 2099 Terent.
1373 2062 1515 2099 Heaut.
1537 2062 1635 2099 669:

134 2133 199 2178 „in
216 2133 426 2178 angustum
451 2130 599 2180 oppido
625 2143 728 2167 nunc
754 2143 862 2167 meae
891 2133 1085 2178 coguntur
1111 2128 1295 2180 copiae“;
1320 2143 1356 2167 v.
1374 2129 1636 2179 Kampmann,

130 2199 179 2236 de
209 2213 251 2236 re
282 2199 448 2236 militari
479 2199 585 2248 apud
609 2198 807 2236 Plautum.
838 2218 895 2222 —
929 2200 1022 2235 279.
1056 2196 1299 2247 opprimere,
1333 2198 1356 2234 i.
1385 2211 1416 2234 e.
1450 2198 1637 2246 arripere.

128 2287 186 2292 —
232 2265 488 2316 opimitates,
531 2267 700 2313 divitiae,
743 2267 790 2303 cf.
832 2266 942 2316 Capt.
979 2268 1078 2303 762:
1133 2266 1364 2312 „Maxumas
1412 2266 1638 2315 opimitates

132 2336 396 2386 opiparasque
429 2335 544 2372 offers
575 2333 713 2372 mihi“.
761 2334 861 2371 Non.
887 2348 926 2384 p.
954 2334 1031 2371 146
1064 2337 1177 2383 gravi
1210 2348 1341 2371 errore
1373 2334 1637 2383 optimitatem

129 2404 240 2454 legit.
272 2424 329 2428 —
362 2404 456 2440 281.
491 2401 576 2441 eris
606 2406 685 2441 iam
717 2403 757 2439 in
790 2402 902 2439 codd.
936 2402 1200 2440 emendatum.
1226 2423 1281 2427 -—
1308 2401 1352 2438 V.
1380 2403 1459 2439 282
1487 2400 1640 2437 Nonius

131 2471 248 2509 affert
278 2485 318 2521 p.
346 2472 410 2508 72.
444 2491 499 2496 ——-
532 2473 625 2509 284.
657 2469 702 2509 in
733 2481 945 2517 commune,
979 2474 1018 2507 et
1049 2471 1146 2507 mihi
1181 2474 1219 2507 et
1250 2470 1337 2507 sibi.
1362 2489 1418 2494 -
1443 2466 1639 2516 fraudem

130 2538 307 2590 frausus
336 2537 404 2586 sit,
437 2540 462 2577 i.
489 2554 521 2576 e.
554 2539 733 2577 fraudem
759 2539 1012 2576 commiserit.
1067 2536 1266 2586 .,]''}·((2l.5a.5·
1296 2551 1367 2586 pro
1400 2536 1631 2574 fraudatus*

130 2608 232 2645 Non.
272 2621 311 2657 p.
348 2608 447 2655 112,
487 2608 524 2645 h.
557 2621 593 2645 v.
635 2607 817 2654 laudato,
866 2606 911 2644 cf.
952 2606 1061 2656 Epit.
1102 2606 1211 2643 Festi
1250 2620 1287 2655 p.
1323 2607 1389 2642 01.
1450 2602 1505 2642 sit
1543 2605 1636 2642 olim

131 2675 395 2722 emendatum,
429 2676 476 2712 cf.
508 2676 652 2725 Amph.
688 2676 782 2713 071.
814 2694 866 2699 -—-
903 2676 996 2712 285.
1031 2672 1196 2723 oppido,
1229 2687 1264 2710 v,
1299 2673 1348 2710 ad
1371 2673 1514 2723 Amph.
1543 2674 1636 2710 29³5.

129 2764 187 2769 —
220 2745 312 2781 286.
353 2743 468 2789 Quod
508 2743 706 2781 Leonidas
754 2744 901 2780 socium
948 2743 1021 2779 sihi
1063 2745 1225 2792 quaerit,
1268 2742 1420 2778 Libano
1458 2742 1638 2777 timomn

131 2811 308 2848 indicare
341 2811 512 2849 videtur.
574 2812 657 2849 Hoc
699 2825 786 2848 cum
826 2824 976 2848 summo
1016 2811 1181 2859 gaudio,
1224 2810 1328 2860 quod
1368 2811 1407 2846 in
1438 2809 1637 2858 prioribus

131 2879 378 2926 ostenderat,
419 2893 496 2917 non
535 2881 659 2929 magis
699 2880 927 2925 convenire,
969 2892 1084 2928 quam
1120 2892 1205 2915 cum
1238 2878 1381 2915 sudore
1413 2881 1636 2921 ‘cremon-121,
