1926 3275
281 326 361 363 240
910 319 1144 364 Amphitruo.

280 450 391 495 Quod
431 450 484 486 ibi
527 448 687 485 additur
729 452 794 494 „ut
835 446 956 494 dixi“,
1000 448 1173 485 ostendit
1210 447 1316 484 idem
1353 447 1427 484 1100
1464 448 1549 485 1000
1587 449 1777 498 scriptum

280 518 411 554 fuisse.
457 517 608 553 Nomen
631 529 731 553 nove
762 515 896 552 fictum
929 516 998 552 sed
1029 520 1135 553 recte
1165 516 1378 552 formatum
1410 520 1478 563 est,
1511 520 1556 553 ut
1587 530 1609 554 a
1640 517 1777 566 quovis

279 586 449 633 intelligi
475 588 620 634 posset.
668 583 745 621 Sed
768 597 848 620 non
872 587 1090 631 agnoscunt
1113 584 1186 620 Viri
1213 583 1320 620 docti
1350 583 1441 621 inde
1473 598 1495 621 a
1524 585 1652 634 primo
1676 588 1776 621 tem-

279 667 388 703 pore,
422 666 499 702 quo
523 653 605 689 11900
628 652 762 689 fabula
787 652 864 688 luci
891 651 1047 689 reddita
1071 655 1143 698 est,
1172 649 1524 701 z‘rafsl'cow‘loediam
1547 652 1775 699 scribentes,

280 722 385 770 quod
424 721 659 758 recentiores
690 720 770 761 fere
803 733 936 757 omnes
968 723 1006 756 et
1037 723 1163 768 poetae
1203 724 1242 757 et
1280 720 1469 769 philologi
1509 723 1634 758 secuti
1672 724 1774 758 sunt.

279 790 391 826 Hanc
423 792 466 825 ut
498 789 712 825 defendant
746 788 930 835 formam,
973 801 1018 824 ex
1051 788 1189 825 Graeoa
1226 788 1361 836 lingua
1400 788 1579 838 exempla
1617 788 1776 837 syllabae

280 860 434 894 extritae
468 857 654 903 afferunt,
695 859 740 892 ut
779 857 1032 905 ταρτημόριυν,
1070 858 1285 906 τέτραχμον,
1318 856 1516 905 ἀμφορεύς,
1548 856 1638 893 alia.
1701 856 1778 893 Sed

279 925 346 962 illa
377 924 567 962 vocabula
599 928 690 961 sunt
722 924 944 972 quotidiani
977 927 1188 971 sermonis,
1230 924 1280 961 ad
1319 938 1434 981 quem
1474 924 1555 961 haec
1593 937 1670 961 vox
1699 937 1778 961 non

279 994 470 1043 pertinet,
512 1006 628 1042 quam
668 993 833 1029 fortasse
872 1005 985 1029 nemo
1027 996 1293 1042 spectatorum
1331 1006 1517 1042 umquam
1557 992 1774 1039 audiverat,

278 1075 361 1107 nec,
394 1062 469 1098 nisi
500 1060 615 1110 plene
647 1064 686 1097 et
716 1064 820 1097 recte
852 1060 1021 1097 formata
1050 1065 1351 1110 proponeretur,
1379 1061 1652 1098 intellecturus
1678 1064 1774 1098 erat.

279 1129 500 1166 Retinenda
529 1130 651 1176 igitur
683 1132 741 1165 est
772 1128 949 1166 codicum
981 1131 1189 1177 scriptura,
1217 1142 1334 1178 quam
1358 1129 1395 1166 h.
1420 1129 1445 1166 1.
1470 1142 1606 1166 versus
1630 1132 1775 1174 tuetur,

279 1211 368 1234 nam
400 1199 431 1234 si
469 1195 810 1244 „tragioomoedia“
846 1196 1042 1243 scribitur,
1078 1197 1156 1234 alia
1187 1210 1343 1246 quoque
1374 1197 1561 1234 mutanda
1593 1200 1702 1243 sunt,
1734 1199 1779 1233 ut

280 1265 455 1302 Lindem.
493 1263 607 1311 „fiat“
642 1278 715 1313 pro
753 1263 868 1311 „sit“,
901 1264 959 1301 Fl.
998 1266 1073 1311 „sit
1097 1265 1191 1302 liaeo
1215 1262 1553 1312 t1=agicon1oedia“.
1593 1264 1638 1301 In
1661 1278 1696 1301 v.
1725 1265 1774 1301 63

280 1337 409 1370 autem
441 1336 607 1382 apparet
637 1333 859 1381 permisisse
892 1332 967 1369 sibi
1000 1333 1151 1382 aliquid
1182 1336 1360 1382 poetam,
1393 1336 1438 1369 ut
1469 1336 1537 1370 aut
1569 1333 1665 1369 duas
1696 1333 1776 1382 pri-

278 1415 361 1437 mas
391 1403 498 1438 vocis
529 1400 699 1449 syllabas
731 1401 771 1437 in
801 1413 922 1437 unum
954 1403 1215 1448 contraxerit,
1249 1404 1317 1438 aut
1348 1400 1503 1449 dactylo
1535 1403 1777 1450 anapaestum

280 1469 542 1506 subiunxerit.

396 1538 445 1573 (35
479 1550 563 1585 sqq.
611 1536 665 1574 Ut
695 1536 884 1573 iudicium
922 1549 1077 1585 aequum
1109 1540 1148 1573 et
1178 1537 1323 1573 iustum
1354 1539 1423 1582 sit,
1456 1536 1663 1573 theatralis
1695 1549 1775 1572 am-

279 1604 379 1642 bitio
413 1604 585 1641 cohiberi
618 1604 744 1641 debet.
808 1604 871 1641 Sic
909 1605 1027 1641 etiam
1065 1607 1106 1641 in
1136 1605 1287 1642 Poenuli
1318 1605 1484 1654 prologo
1516 1618 1550 1642 v.
1585 1605 1635 1641 36
1667 1617 1774 1653 sqq.:

539 1672 731 1721 Quodque
763 1673 812 1709 ad
843 1673 1024 1709 ludorum
1058 1677 1259 1710 curatores
1291 1675 1447 1719 attinet,

539 1740 596 1776 Ne
627 1741 758 1789 palma
789 1741 903 1777 detur
935 1742 1149 1789 quoiquam
1180 1740 1324 1778 artifici
1354 1742 1510 1787 iniuria,

538 1808 646 1845 Neue
678 1808 905 1846 ambitionis
937 1823 1053 1845 causa
1084 1809 1345 1846 extrudantur
1375 1809 1484 1856 foris,

539 1876 623 1922 Quo
655 1876 873 1914 deteriores
905 1880 1209 1926 anteponantur,
1243 1877 1349 1915 boni.

279 1946 417 1994 Opera}
462 1947 634 1993 pretium
680 1949 739 1981 est
785 1945 1118 1991 animadvertere,
1160 1958 1275 1994 quam
1316 1948 1470 1981 mature
1517 1944 1589 1981 1100
1629 1943 1773 1980 malum

279 2017 409 2050 ortum
440 2015 503 2059 sit,
537 2013 642 2061 quod
673 2016 810 2062 postea
842 2026 995 2062 semper
1026 2013 1195 2060 gliscens
1227 2026 1330 2062 saepe
1352 2013 1393 2049 in
1416 2014 1605 2048 maximos
1629 2011 1773 2048 tumul—

277 2085 340 2118 tus
372 2082 514 2130 erupit.
576 2081 676 2117 Nam
714 2081 762 2117 ab
800 2081 915 2117 initio
956 2081 1041 2130 ipso
1072 2081 1254 2118 ludorum
1287 2081 1529 2117 scenicorum
1561 2079 1667 2129 apud
1697 2079 1774 2116 Ro-

278 2163 413 2186 manos
451 2152 495 2186 ut
534 2149 639 2198 apud
671 2148 828 2185 Graecos
866 2149 1028 2197 praemia
1069 2152 1107 2184 et
1143 2150 1271 2197 poetis
1310 2152 1348 2185 et
1386 2148 1665 2194 histrionibus,
1707 2147 1774 2196 qui

278 2220 445 2254 maxime
476 2217 718 2266 placuerant,
751 2216 958 2263 dabantur,
991 2216 1070 2253 vid.
1088 2217 1197 2253 Trin.
1223 2231 1258 2253 v.
1285 2218 1385 2254 706:
1424 2215 1579 2262 „Facile
1602 2216 1772 2265 palmam

279 2285 419 2331 habes,
451 2284 512 2321 1110
543 2285 700 2331 victust,
734 2285 829 2321 vicit
859 2287 930 2320 tua
960 2283 1191 2321 comoediaf‘.
1239 2284 1353 2330 Quod
1382 2283 1455 2320 hoc
1487 2284 1573 2321 loco
1605 2296 1772 2321 comme-

279 2356 454 2389 moratur
487 2353 660 2389 victoriae
692 2353 857 2400 signum,
891 2353 1032 2402 palma,
1065 2353 1106 2389 id
1133 2353 1210 2389 iam
1237 2355 1327 2389 ante
1352 2352 1498 2389 multos
1522 2365 1644 2388 annos
1668 2349 1774 2400 apud

279 2421 476 2458 Romanos
509 2422 547 2457 in
578 2434 651 2457 usu
683 2421 827 2467 fuerat,
862 2421 892 2456 si
924 2421 1082 2469 quidem
1114 2422 1152 2457 in
1184 2420 1423 2457 circensibus
1462 2419 1564 2457 ludis
1603 2432 1704 2456 anno
1737 2432 1770 2456 a.

280 2488 368 2525 Chr.
388 2490 465 2525 293
492 2488 638 2525 habitis
656 2488 791 2525 Livius
808 2488 855 2534 X,
875 2489 941 2535 47,
963 2490 1005 2525 3:
1037 2489 1200 2538 „palmae
1210 2487 1225 2503 ‘⁴
1256 2491 1313 2526 ait
1334 2491 1440 2534 „tum
1458 2490 1628 2536 primum
1644 2490 1772 2524 trans-

279 2556 359 2592 lato
384 2570 403 2591 0
422 2556 572 2593 Graecia
602 2569 710 2592 more
743 2555 956 2593 victoribus
980 2555 1121 2593 datae“.
1168 2556 1327 2593 Dabant
1351 2560 1552 2593 curatores
1575 2555 1770 2602 ludorum,

281 2625 361 2659 sive
399 2624 532 2660 aediles
570 2624 649 2660 sive
688 2627 877 2673 praetores
916 2625 996 2661 sive
1037 2626 1103 2673 qui
1143 2625 1210 2661 alii
1250 2628 1379 2671 erant,
1420 2623 1488 2661 sed
1527 2623 1574 2660 ab
1613 2635 1772 2660 assensu

281 2693 320 2725 et
351 2690 491 2737 plausu
522 2691 657 2739 populi
689 2705 867 2740 magnam
898 2697 1053 2742 partem
1094 2693 1280 2729 iudicium
1313 2705 1448 2729 eorum
1478 2690 1695 2740 pendebat,
1727 2692 1772 2726 ut

281 2757 394 2792 etiam
436 2759 588 2805 praemii
627 2772 743 2795 causa
780 2760 841 2795 vel
878 2760 1091 2797 histriones
1128 2761 1201 2809 ipsi
1233 2760 1295 2797 vel
1327 2761 1498 2797 fautores
1531 2772 1665 2796 eorum
1695 2757 1771 2795 sibi

280 2824 483 2873 plausores
529 2838 644 2873 quam
687 2827 879 2874 plurimos
923 2831 1205 2875 compararent.
1267 2828 1393 2864 Huius
1433 2827 1659 2864 ambitionis
1697 2825 1770 2862 tol-

281 2892 405 2928 10111110
437 2905 552 2928 causa
579 2892 614 2929 h.
642 2893 665 2929 1.
695 2907 795 2929 nova.
820 2896 920 2930 ratio
944 2897 1204 2941 excogitatur,
1231 2899 1273 2931 ut
1298 2898 1585 2944 conquisitores
1611 2894 1770 2943 quidam
