1926 3275
755 268 1034 312 Prolegomena.
1331 277 1335 281 ·
1566 269 1647 309 201

142 401 313 450 syllaba3
347 401 402 438 sic
423 397 544 449 potis
575 399 661 437 Cas.
690 399 783 436 198.
815 397 922 435 Poen.
949 398 1050 444 8783
1081 394 1218 446 mayz's
1240 396 1351 434 Asin.
1383 395 1475 434 118.
1507 395 1648 435 Bacch.

143 470 210 507 35.
247 468 366 507 1071.
404 468 491 506 Mil.
526 469 619 505 316.
659 466 805 504 Pseud.
842 467 962 504 1020.
1001 464 1104 502 Rud.
1141 465 1260 502 1181.
1298 464 1386 502 Ter.
1418 463 1520 502 Eun.
1554 465 1649 502 436.

146 538 268 575 1002.
329 536 455 574 Simili
484 535 604 573 modo
635 535 784 584 positio
819 534 1036 583 negligitur
1074 533 1115 570 in
1145 530 1276 571 ‘nimis
1305 533 1391 571 Mil.
1425 533 1520 570 470.
1555 534 1649 570 997.

146 606 267 643 1134.
300 604 444 642 Pseud.
481 605 602 642 1239.
634 602 736 641 Rud.
773 602 1007 640 511.·Trin.
1043 602 1136 639 806.
1170 601 1259 640 Ter.
1285 601 1427 639 Heaut.
1456 600 1563 639 1045
1592 614 1650 650 sq.

142 673 214 721 a1.;
252 674 293 710 in
329 670 438 711 satis
475 672 616 710 Bacch.
653 672 773 709 1176.
815 670 928 720 Capt.
962 670 1056 707 784.
1091 671 1168 707 921
1204 683 1262 719 sq.
1298 671 1392 708 958.
1433 669 1520 707 Mil.
1555 669 1650 707 874.

144 742 238 779 958.
275 742 398 779 1181.
430 741 520 779 Ter.
545 740 620 778 Ad.
650 740 729 777 184
754 739 817 786 aL,
849 736 993 777 mimas
1023 737 1109 776 Mil.
1144 738 1223 775 873
1257 737 1321 785 aL,
1350 735 1476 787 prius
1506 737 1651 787 Amph.

145 810 239 847 597.
281 810 391 847 Asin.
427 810 526 856 367,
568 818 663 846 erus
700 807 846 845 Pseud.
881 808 961 844 664
994 806 1064 853 al.,
1104 817 1256 844 manus
1292 806 1432 844 Bacch.
1466 807 1547 843 476
1588 806 1651 853 aL,

134 874 373 928 publicitus
403 876 544 914 Bacch.
580 877 681 923 309,
722 873 807 914 eris
844 874 987 912 Pseud.
1025 875 1152 921 1321,
1194 871 1313 913 boves
1350 874 1440 912 Aul.
1474 876 1574 922 230,
1616 872 1654 912 is

142 945 262 995 Epid.
299 946 370 992 56,
403 943 495 983 isne
524 945 648 982 Mero.
683 945 782 990 589,
824 944 980 992 aliaque
1020 943 1195 979 eiusdem
1233 944 1402 992 generis.
1462 943 1655 992 Neglecta

142 1027 236 1051 vero
274 1013 356 1050 haec
393 1014 539 1063 positio
579 1013 697 1049 etiam
735 1012 776 1048 in
814 1012 955 1048 ultimo
993 1024 1131 1048 versus
1170 1011 1290 1060 pede,
1331 1011 1398 1048 ubi
1429 1011 1654 1059 integritati

142 1095 398 1120 numerorum
429 1081 597 1117 maxime
629 1079 914 1117 consulendum
946 1082 1026 1126 est,
1060 1079 1272 1126 invenitur,
1305 1083 1352 1117 ut
1381 1080 1525 1128 Amph.
1557 1080 1652 1117 340.

143 1151 240 1188 407.
274 1151 370 1187 972.
403 1149 513 1187 Asin.
549 1149 614 1186 59.
645 1147 787 1185 Bacch.
818 1148 898 1186 309
933 1144 1175 1194 („occidistis
1207 1145 1329 1194 me“).
1365 1149 1444 1185 779
1481 1146 1654 1198 („qualis

142 1215 256 1265 siff‘).
287 1217 391 1255 Rud.
428 1218 505 1255 103
542 1214 716 1264 („saluos
748 1213 866 1263 sis“),
908 1228 1089 1265 saepeque
1128 1215 1235 1265 apud
1266 1215 1517 1263 Terentium,
1558 1215 1652 1263 vid„

142 1290 188 1323 ut
223 1286 339 1323 unius
378 1285 522 1323 fabulae
563 1285 745 1334 exempla
776 1297 1005 1334 congeram,
1039 1283 1135 1322 Hec.
1169 1284 1264 1321 234.
1297 1284 1394 1322 443.
1428 1285 1523 1322 450.
1557 1284 1652 1321 489.

145 1355 238 1392 653.
274 1355 369 1391 878.

263 1418 299 1461 S
325 1422 460 1459 littera
491 1435 579 1459 cum
608 1421 730 1458 mutis
763 1420 1068 1458 consonantibus
1092 1423 1173 1457 tam
1206 1423 1290 1457 arte
1322 1420 1586 1468 coniungitur,
1611 1423 1657 1457 ut

143 1490 383 1540 positionem
416 1503 464 1527 ea
493 1503 536 1526 re
568 1493 695 1527 ortam
726 1489 876 1539 negligi
906 1502 987 1526 non
1018 1489 1070 1526 sit
1101 1489 1257 1526 mirum.
1311 1487 1432 1538 Apud
1461 1498 1505 1526 86
1536 1491 1574 1524 et
1604 1498 1654 1537 ,ψ

142 1572 271 1608 pauca
300 1559 555 1595 inveniuntur
587 1558 778 1608 exempla,
811 1561 857 1594 ut
893 1555 1105 1604 „Quiesce“
1140 1556 1263 1594 Merc.
1293 1557 1373 1594 439
1410 1553 1585 1603 (Lucret.
1619 1556 1652 1603 1,

145 1628 247 1664 372:
286 1626 449 1673 „cedere
474 1624 795 1675 squamigeris“),
833 1623 1079 1674 „haruspex“
1107 1625 1364 1670 Poe'n.1210;
1402 1621 1650 1673 „Diespiter“

141 1695 236 1732 ibid.
271 1696 351 1732 872
393 1695 511 1731 etiam
558 1694 832 1732 contractione
879 1693 1069 1742 explicari
1114 1695 1260 1741 potest.
1337 1691 1467 1729 Multo
1513 1692 1656 1741 saepius

145 1766 239 1800 ante
284 1763 327 1800 SC
370 1765 554 1812 correpta
599 1762 750 1811 syllaba
794 1761 1006 1799 invenitur.
1074 1760 1250 1798 Primum
1294 1760 1372 1807 est,
1420 1760 1529 1796 cuius
1573 1762 1656 1796 tam

143 1831 256 1869 exilis
297 1831 445 1868 vocalis
484 1830 581 1877 fuit,
622 1833 687 1877 ut,
727 1830 797 1867 ubi
835 1829 1071 1867 antecedens
1117 1842 1194 1866 vox
1240 1832 1308 1866 aut
1344 1828 1472 1866 vocali
1509 1831 1578 1865 aut
1615 1838 1656 1865 m

143 1903 212 1936 aut
261 1909 284 1937 3
334 1898 483 1936 litteris
535 1899 792 1944 terminatur,
847 1897 1040 1947 aphaeresi
1093 1897 1251 1934 sublata
1305 1896 1500 1934 videatur.
1591 1896 1655 1933 Sic

148 1966 268 2016 „quid
299 1970 358 2004 est
388 1965 576 2015 negoti?“
625 1968 682 2013 „is
721 1969 780 2004 est
817 1964 1036 2015 profecto“,
1075 1965 1154 2002 alia
1191 1965 1335 2011 multa,
1377 1978 1464 2014 quae
1496 1964 1656 2012 collegit

142 2035 304 2073 Mfiller.
337 2048 376 2085 p.
411 2036 490 2073 303
524 2048 602 2084 sq.,
635 2035 827 2084 pleraque
858 2034 978 2071 iambi
1018 2046 1241 2070 mensuram
1271 2032 1493 2069 reddentia.
1554 2032 1655 2068 Item

148 2101 310 2150 „adest“
360 2103 450 2140 Ter.
497 2103 599 2140 Eun.
644 2104 746 2149 905,
807 2100 982 2151 „potest“
1032 2101 1175 2138 Pseud.
1227 2101 1326 2147 134,
1387 2100 1477 2147 „ubi
1531 2098 1649 2137 (35115ίι

144 2171 239 2209 Cist.
274 2172 369 2208 476.
402 2170 544 2208 Pseud.
580 2171 701 2208 1135.
748 2171 848 2207 Tum
882 2167 971 2217 iste,
1003 2166 1114 2216 istie,
1146 2166 1257 2207 istuc
1287 2171 1395 2216 cett„
1427 2168 1507 2206 vid.
1540 2168 1653 2205 Cors-

143 2252 226 2285 sen,
260 2239 510 2289 Aussprache
541 2238 578 2275 d.
605 2238 693 2275 Lat.
725 2239 774 2285 II,
807 2252 846 2288 p.
876 2239 927 2276 80
960 2251 1018 2288 sq.
1050 2237 1209 2274 Mfiller.
1241 2249 1279 2285 p.
1306 2238 1383 2274 361
1419 2250 1476 2285 sq.
1509 2236 1652 2285 Amph.

145 2308 239 2344 659.
282 2308 377 2344 942.
429 2307 540 2344 Asin.
574 2307 668 2344 820.
729 2306 929 2343 Praeterea
973 2303 1186 2352 „ostendo“
1229 2304 1318 2342 Ter.
1357 2304 1514 2341 Phorm.
1557 2305 1651 2350 793,

148 2372 341 2421 „dedisti“
379 2373 491 2411 Curc.
527 2374 620 2411 345.
662 2374 768 2410 Men.
803 2374 896 2410 676.
939 2374 1047 2410 Trin.
1085 2374 1177 2410 127.
1215 2373 1305 2418 129,
1344 2370 1502 2419 „fuisti“
1539 2371 1651 2421 Capt.

145 2443 239 2480 621.
275 2443 354 2479 622
388 2442 436 2479 al.
481 2439 573 2489 (nisi
603 2442 801 2489 synizesin
839 2441 983 2478 factam
1022 2454 1104 2477 esse
1142 2443 1317 2477 statuere
1348 2435 1502 2488 malis),
1547 2440 1652 2488 „epi-

144 2508 314 2548 stulam“
349 2510 492 2547 Pseud.
530 2511 657 2556 1000,
697 2507 933 2555 „scelestus“
969 2509 1087 2545 Most.
1121 2509 1215 2546 405.
1248 2507 1350 2544 Rud.
1384 2507 1478 2553 456,
1517 2510 1652 2553 „uotu-

143 2576 268 2615 state“
304 2578 410 2615 Poen.
440 2579 533 2624 703,
572 2574 805 2623 „uenustas“
840 2576 894 2614 ib.
926 2577 1046 2614 1181.
1080 2576 1168 2613 Ter.
1193 2575 1288 2612 Hec.
1322 2575 1416 2612 848.
1440 2595 1496 2599 —
1519 2574 1650 2623 Atque

145 2647 263 2684 etiam
309 2649 495 2695 sequente
541 2646 676 2682 littera
713 2656 753 2682 r:
807 2642 1108 2694 „magistratus“
1151 2643 1297 2694 Amph.
1331 2644 1396 2680 74.
1443 2643 1551 2680 Pers.
1586 2644 1650 2679 76.

143 2714 246 2751 Rud.
281 2715 376 2751 477.
409 2713 568 2750 Trucul.
603 2714 697 2750 748.
730 2712 819 2749 Ter.
853 2713 954 2750 Eun.
988 2713 1061 2759 22,
1099 2709 1372 2758 „ministrare“
1410 2710 1522 2748 Cure.
1557 2712 1651 2748 369.

145 2781 267 2819 Stich.
304 2782 397 2819 685.
430 2781 546 2830 Epid.
581 2781 676 2827 414,
715 2779 936 2827 „fenest1·a“
973 2780 1059 2817 Cas.
1089 2780 1180 2817 132.
1212 2780 1296 2817 Mil.
1326 2780 1419 2816 381.
1452 2779 1553 2815 Rud.
1584 2780 1648 2815 88.

148 2847 345 2896 (Festram
391 2850 575 2897 antiquos
622 2848 766 2885 dixisse
813 2848 984 2885 affirmat
1022 2848 1161 2885 Festus
1202 2861 1241 2898 p.
1277 2849 1348 2894 91,
1392 2847 1439 2884 cf.
1471 2846 1647 2883 Macrob.
