1926 3275
742 277 781 313 V.
806 279 975 313 96—113.
1531 283 1609 323 361

222 409 314 446 100.
347 404 554 456 optionem
591 406 812 445 adiutorem
851 407 1027 457 appellat
1063 407 1325 445 similitudine
1365 407 1484 446 ducta
1516 422 1538 445 a
1568 423 1612 447 re

102 477 280 523 militari,
313 475 382 512 ubi
414 475 608 524 optiones,
644 489 742 525 quos
773 476 963 524 Polybius
994 475 1061 529 VI,
1095 476 1160 523 24,
1195 477 1217 513 2
1252 475 1440 525 οὐραγοὺς,
1473 476 1612 515 Livius

102 544 215 592 VIII,
250 545 293 591 8,
331 544 379 581 18
413 544 734 581 succenturiones
767 543 881 591 dicit,
918 544 1194 581 centurionum
1225 544 1265 580 in
1296 544 1462 594 imperio
1502 545 1612 582 adiu-

102 616 210 651 tores
242 614 379 658 erant3
419 611 466 648 cf.
498 611 637 659 Veget.
670 612 726 659 II,
762 613 798 649 7.
858 611 965 649 Fest.
997 626 1037 662 p.
1075 613 1172 650 198:
1218 611 1362 662 „Optio
1402 613 1470 661 qui
1508 627 1613 651 nunc

103 682 271 728 dicitur,
312 682 428 717 antea
469 679 748 729 appellabatur
786 693 984 717 accensus.
1045 680 1083 717 Is
1125 680 1282 717 adiutor
1322 680 1492 718 dabatur
1524 695 1611 718 een-

101 750 251 787 turioni
283 762 305 786 a
334 747 428 785 trib.
460 748 651 794 militum,
692 749 760 797 qui
799 761 846 785 ex
889 761 934 785 eo
971 752 1171 798 tempore,
1214 758 1292 798 quo
1332 761 1448 798 quem
1488 750 1614 786 velint

38 827 41 829 ’
102 816 398 855 centurionibus
428 816 668 865 permissum
708 819 767 853 est
798 819 957 865 optare,
991 817 1108 854 etiam
1139 830 1283 853 nomen
1315 830 1363 853 ex
1392 817 1495 854 facto
1527 831 1611 855 sor-

100 887 199 923 titus
230 882 332 922 est“.
379 883 480 921 Tum
513 883 616 920 hunc
646 884 775 922 locum
806 884 959 922 laudat.
984 905 1040 910 ——-
1067 886 1159 923 101.
1186 880 1415 923 Fczbrieare
1439 888 1510 923 etc.
1553 885 1611 924 Cf.

101 952 242 990 Bacch.
277 952 377 990 688:
418 951 637 1001 „Conpara,
670 952 879 999 fabricare,
913 951 1015 1003 finge
1048 952 1154 1003 quod
1184 953 1308 999 lubet,
1343 952 1610 1002 conglutina“.

100 1041 157 1046 —
191 1021 282 1058 102.
313 1019 410 1056 Post
441 1019 660 1069 amentum
689 1019 821 1057 hiatus
853 1021 893 1057 in
925 1034 1083 1059 caesura.
1130 1021 1212 1058 FL:
1251 1020 1458 1068 „Perficito
1484 1022 1524 1058 id
1548 1020 1607 1060 a.“

100 1089 268 1126 Muller:
316 1086 488 1135 „Perfice
528 1087 644 1124 modo
684 1085 792 1138 arg.“
826 1109 883 1114 —
917 1090 1009 1127 104.
1040 1089 1207 1126 Versum
1238 1090 1411 1126 numeris
1444 1090 1612 1127 destitu-

100 1160 186 1194 tum
217 1159 256 1193 et
286 1156 571 1193 sententiarum
609 1169 752 1193 nexum
791 1157 892 1193 male
932 1157 1285 1207 intel-rumpentem
1322 1158 1407 1194 iure
1448 1158 1611 1195 damna-

100 1227 196 1262 runt
225 1224 346 1262 Both:
377 1227 416 1261 et
445 1224 506 1261 Fl.
568 1223 691 1262 Extat
728 1225 769 1261 in
807 1225 891 1274 5010
924 1225 1010 1263 cod.
1042 1225 1086 1264 Β.
1122 1245 1171 1250 -
1209 1226 1300 1263 105.
1331 1223 1512 1263 redimes

98 1289 404 1342 iwterceperint.
449 1292 588 1329 Manet
617 1293 659 1329 in
690 1293 952 1330 similitudine
983 1294 1041 1331 rei
1071 1294 1268 1331 militaris.
1293 1313 1350 1318 —
1378 1295 1468 1332 106.
1496 1290 1615 1331 (eliud

101 1371 219 1409 cura,
251 1362 276 1398 i.
310 1374 343 1398 e.
376 1374 538 1398 securus
571 1363 676 1407 est03
710 1374 781 1410 ego
813 1360 885 1397 hoc
918 1361 1082 1409 curabo,
1115 1362 1162 1399 cf.
1197 1361 1326 1400 Oasin.
1362 1363 1462 1400 589:
1510 1362 1611 1409 „Abi

101 1433 140 1466 et
164 1429 271 1466 aliud
299 1426 436 1466 cura“.
483 1428 605 1466 Merc.
626 1429 729 1466 486:
767 1428 910 1476 „Potin
936 1434 982 1467 ut
1008 1430 1116 1468 aliud
1144 1428 1308 1468 eures?“
1353 1430 1496 1468 Pseud.
1517 1431 1610 1468 235.

99 1497 186 1535 Mil.
222 1499 302 1535 925
344 1500 383 1534 et
422 1497 523 1535 930:
572 1497 686 1543 „Alia
716 1495 850 1535 cura“.
896 1518 953 1523 —
999 1495 1100 1548 quid
1144 1494 1253 1536 lubet
1297 1498 1430 1546 codd.;
1482 1498 1611 1548 „quod

100 1563 236 1603 lubet“
272 1565 388 1603 Both.
423 1568 461 1602 et
491 1564 574 1611 Fl.;
614 1579 695 1602 non
726 1578 838 1616 opus.
869 1586 924 1591 —
959 1568 1050 1604 107.
1083 1563 1168 1604 nisi
1199 1563 1300 1616 quid
1327 1564 1395 1605 uis
1426 1580 1478 1604 sc.
1510 1580 1610 1617 prae-

98 1637 218 1681 terea,
253 1633 301 1672 cf.
329 1633 378 1670 ad
403 1632 547 1683 Amph.
578 1634 670 1671 538.
704 1654 758 1658 ——
790 1629 936 1672 Fc'eme
968 1634 1079 1672 codd.
1113 1638 1313 1684 corrupte.
1363 1634 1610 1672 Camerarius

98 1716 234 1740 veram
257 1703 361 1740 viam
387 1702 587 1750 ingressus
614 1702 789 1751 scripsit:
829 1701 916 1749 „LI.
943 1703 980 1750 I;
1007 1704 1176 1740 etiamne
1201 1700 1432 1740 ambulas‘?“
1468 1702 1609 1739 Emen-

100 1771 302 1808 dationem
333 1769 503 1807 absolvit
526 1769 607 1807 FL:
647 1766 701 1817 „I
720 1767 766 1817 (s.
784 1769 846 1817 Ei,
878 1784 914 1808 v.
940 1770 1046 1809 Prol.
1071 1785 1110 1821 p.
1136 1769 1235 1818 212)
1271 1767 1369 1809 bene
1401 1767 1608 1818 (tulbzclcst,

98 1843 195 1876 nota
224 1838 358 1875 valere
388 1837 561 1874 iubentis
593 1838 779 1885 formula,
812 1838 891 1876 vid.
926 1838 1040 1889 Capt.
1075 1840 1175 1876 802:
1224 1839 1351 1886 „Bene
1385 1839 1541 1876 ambula
1573 1842 1611 1875 et

100 1904 375 1944 redambula“.
408 1905 461 1943 ib.
495 1906 589 1943 450.
622 1906 707 1944 Cas.
736 1908 829 1944 503.
861 1906 980 1944 Most.
1007 1908 1101 1944 841.
1133 1907 1255 1944 Mero.
1283 1908 1376 1944 322.
1408 1907 1517 1944 Pers.
1545 1908 1609 1944 51.

99 1975 216 2013 Truc.
238 1976 332 2012 368,
365 1973 413 2011 cf.
435 1974 552 2011 etiam
576 1974 668 2011 infr.
688 1975 782 2012 484.
800 1975 943 2012 Pseud.
963 1976 1058 2012 263.
1076 1975 1184 2012 Trin.
1208 1976 1330 2013 1108.
1348 1995 1404 1999 -
1423 1976 1515 2012 108.
1534 1971 1610 2012 Αί-

100 2054 177 2093 que
209 2040 340 2080 audin
370 2038 527 2080 etiam?
564 2042 664 2080 Huic
695 2043 997 2092 interrogationi
1029 2057 1109 2080 11011
1140 2043 1384 2093 respondere
1415 2043 1467 2090 id,
1502 2043 1609 2092 quod

99 2111 142 2148 in
168 2111 282 2148 codd.
308 2111 501 2159 sequitur,
534 2107 656 2159 Ecce,
684 2111 966 2148 animadvertit
990 2111 1137 2148 Mulier
1161 2125 1200 2161 p.
1229 2112 1322 2149 642.
1369 2111 1546 2148 Libanus
1578 2111 1610 2148 si

98 2179 151 2226 id,
186 2178 292 2229 quod
317 2178 436 2215 herus
461 2178 670 2216 additurus
703 2182 798 2225 erat,
832 2179 968 2216 audire
1000 2180 1132 2226 vellet,
1166 2178 1444 2229 responderet:
1482 2178 1610 2225 „Quid

98 2245 212 2284 uis‘?“
264 2246 341 2284 Sed
371 2259 414 2283 re
445 2247 526 2282 iam
557 2247 652 2283 satis
683 2250 911 2296 perspecta,
945 2261 992 2284 ne
1024 2249 1064 2284 111
1097 2248 1351 2296 supervacuis
1392 2250 1430 2283 et
1462 2247 1610 2283 inutili-

98 2314 171 2352 bus
203 2318 359 2363 tempus
390 2317 565 2361 teratur,
599 2310 727 2352 Recte
757 2315 983 2364 respondet.
1046 2315 1128 2352 Hoc
1161 2315 1264 2352 enim
1294 2315 1531 2361 utebantur,
1565 2318 1610 2351 ut

101 2384 157 2420 ait
187 2382 368 2420 Donatus
400 2381 451 2418 ad
480 2381 688 2430 Hecyram,
726 2383 818 2429 „ubi
852 2384 935 2419 sine
967 2384 1111 2420 iniuria
1142 2384 1426 2432 interrogantis
1458 2382 1609 2432 aliquid

100 2448 364 2497 reticebant“,
398 2451 423 2486 i.
458 2463 489 2486 e.
521 2449 589 2486 ubi
622 2452 788 2499 quaestio
820 2452 1029 2501 proposita
1061 2452 1173 2500 quasi
1203 2464 1346 2500 parum
1386 2454 1610 2500 opportuna

99 2519 367 2565 reficiebatur,
395 2518 443 2555 cf.
461 2518 549 2555 Ter.
567 2517 668 2555 Eun.
690 2519 766 2555 341
796 2532 875 2568 sq.:
909 2519 1055 2568 „Rogo,
1081 2533 1174 2555 num
1200 2519 1297 2568 quid
1321 2518 1430 2555 uelit.
1474 2518 1607 2564 Recte,

100 2584 272 2636 inquit“.
311 2585 386 2623 Ad.
408 2588 507 2623 653:
546 2586 674 2633 „Quid
706 2585 793 2623 est?
825 2585 908 2623 AE.
941 2587 1069 2633 Nihil3
1103 2590 1228 2633 recte,
1261 2584 1423 2636 pe1·ge“.
1464 2586 1607 2634 Hecyr.

102 2656 203 2693 355:
243 2653 369 2701 „Quid
395 2667 434 2690 es
457 2657 541 2691 tam
568 2653 722 2691 tristis?
755 2654 797 2691 P.
831 2654 966 2702 Recte,
1000 2653 1165 2692 inate1·“.
1212 2655 1345 2692 Plaut.
1364 2654 1486 2691 Mero.
1507 2655 1607 2691 301:

105 2721 231 2770 „Quid
256 2722 431 2768 festinas,
457 2726 577 2771 gnate
601 2721 681 2758 mi‘?
715 2721 794 2761 CH.
819 2722 952 2770 Recte,
977 2721 1130 2773 patei-“.
1173 2723 1286 2760 Hunc
1302 2722 1608 2771 Amphitruonis

99 2802 255 2827 versum
288 2789 441 2827 Nouius
480 2803 518 2839 p.
553 2791 633 2827 478
666 2794 830 2839 propter
862 2791 1038 2828 futurum
1070 2788 1227 2838 uolam,
1261 2791 1416 2837 attulit,
1450 2790 1518 2827 sed
1550 2803 1606 2836 ca,

100 2857 149 2895 de
188 2857 330 2908 quibus
371 2857 678 2907 disputavimus,
719 2858 862 2896 lacuna
900 2859 1043 2897 hausit.
1075 2880 1131 2883 —-
1167 2860 1257 2897 113.
1291 2856 1329 2896 δι’
1359 2855 1436 2896 Ῐιοσ
1469 2858 1607 2905 patro,
