1926 3275
803 280 1083 326 Prolegomena.
1619 287 1696 327 179

192 412 366 451 secunda
402 415 560 449 tantum
597 411 768 448 trimetri
807 410 970 461 dipodia
1006 410 1310 459 intelligendum
1341 424 1426 449 esse
1457 411 1574 460 dicit,
1606 427 1696 451 nam

191 481 234 518 in
262 481 391 530 prima
427 483 467 517 et
505 479 626 516 tertia
663 492 818 530 semper
854 479 1034 527 licuisse;
1074 479 1188 528 quasi
1227 492 1308 517 non
1338 479 1411 516 hoc
1441 480 1571 530 ipsum
1601 483 1697 519 satis

192 548 444 595 ostenderet,
492 547 610 584 aliam
654 548 713 584 rei
757 546 1213 597 causam—quaerendam
1258 560 1356 585 esse.
1431 547 1613 586 Fuerunt
1656 550 1698 586 in

192 616 329 654 eadem
368 616 565 653 sententia
602 618 641 652 et
670 615 918 653 Hermannus
959 618 998 651 et
1037 615 1107 652 alii
1136 615 1252 652 multi
1282 628 1408 665 usque
1439 616 1490 653 ad
1519 616 1696 655 Ritsche-

189 685 307 731 lium,
349 684 418 734 qui
455 685 497 721 in
533 684 825 733 prolegomenis
864 683 1084 722 Trinummi
1124 681 1178 734 (p.
1213 682 1349 721 CCVII
1386 681 1491 734 sqq.)
1541 685 1697 735 copiose

189 752 361 803 probare
393 751 539 798 studet,
573 752 679 801 apud
705 753 890 801 antiquos
914 755 1054 802 poetas
1089 765 1201 799 „cum
1225 753 1461 801 quantitatis
1486 754 1697 790 severitate

189 834 342 858 summa
385 823 568 857 accentus
614 819 950 867 observationem,
992 820 1123 869 quoad
1169 820 1251 857 eius
1288 818 1374 856 fieri
1412 824 1567 870 posset,
1607 833 1696 859 con-

190 888 362 926 ciliatam
400 885 523 924 esse“.
584 887 745 925 Mireris
790 901 870 925 non
910 889 1097 925 maiorem
1138 888 1367 938 scrupulum
1404 889 1574 927 movisse
1611 890 1697 926 viro

188 956 289 993 illud
324 955 481 1004 „quoad
512 955 596 991 eius
626 954 730 992 fierit
759 954 933 1006 posset“,
970 969 1042 993 nec
1080 956 1224 994 vidisse
1265 956 1537 994 doctissimum
1566 958 1697 995 virum

188 1023 443 1061 multitudine
476 1024 753 1073 exceptionum
783 1023 959 1073 regulam
990 1024 1089 1061 tolli.
1137 1024 1285 1061 Tamen
1313 1024 1526 1075 plerosque
1556 1025 1694 1063 habuit

189 1095 416 1142 sequentes,
462 1091 662 1140 hodieque
707 1094 800 1129 sunt
844 1092 912 1140 qui
958 1095 1193 1141 sequantur,
1234 1093 1413 1141 quamvis
1452 1092 1517 1130 Fr.
1551 1093 1693 1140 Ritter,

186 1160 234 1197 A.
267 1159 423 1206 Bockh,
472 1159 687 1196 novissime
735 1162 867 1196 autem
906 1159 1072 1197 Corssen
1126 1160 1425 1207 diligentissime
1473 1162 1695 1198 examinata

186 1230 275 1264 tota
303 1240 347 1264 re
379 1224 665 1276 (Aussprache,
699 1226 944 1264 Vocalismus
984 1227 1066 1264 und
1095 1227 1307 1275 Betonung
1338 1227 1409 1264 der
1439 1228 1695 1266 lateinischen

187 1294 361 1344 Sprache
391 1295 449 1342 II,
481 1308 519 1344 p.
554 1295 635 1332 400
675 1292 782 1345 sqq.)
823 1295 1088 1343 ostenderint,
1127 1295 1225 1332 nihil
1263 1295 1392 1332 minus
1431 1297 1555 1343 egisse
1597 1298 1694 1334 anti-

188 1376 287 1413 quos
317 1366 476 1412 poetas,
509 1376 626 1412 quam
657 1366 702 1400 ut
737 1363 950 1400 verborum
987 1366 1170 1400 accentus
1209 1377 1297 1400 cum
1335 1363 1480 1400 ictibus
1518 1365 1693 1401 metricis

187 1434 461 1481 congruerent.
522 1430 581 1467 De
618 1430 690 1468 hac
729 1432 853 1481 igitur
890 1445 933 1468 re
970 1431 1011 1468 in
1050 1434 1186 1468 nostro
1227 1432 1511 1469 commentario
1543 1432 1694 1469 nullum

185 1498 349 1536 verbum
373 1499 610 1536 invenietur.
657 1499 738 1536 Nec
769 1501 810 1536 in
842 1499 1017 1537 editione
1041 1499 1266 1536 fabularum
1282 1499 1534 1536 Bentleianos
1559 1513 1693 1537 accen-

185 1570 249 1604 tus
280 1567 506 1616 posuimus;
538 1567 579 1603 in
610 1568 888 1604 commentario
921 1567 1118 1604 interdum
1143 1567 1216 1604 hac
1242 1567 1397 1604 ratione
1423 1570 1551 1604 metra
1573 1568 1693 1617 signi-

186 1633 390 1672 ficabimus
420 1634 631 1671 brevitatis
662 1648 791 1682 causa,
825 1649 873 1672 ne
905 1635 1082 1683 longiore
1106 1638 1268 1672 utamur
1291 1635 1504 1673 verborum
1528 1636 1690 1673 ambitu.

187 1703 351 1740 Tirones
381 1715 477 1739 vero
509 1702 582 1738 hoc
613 1715 827 1750 monemus,
861 1704 971 1752 signa
1001 1703 1069 1739 illa
1101 1703 1258 1740 schema
1289 1703 1418 1739 solum
1441 1716 1692 1740 numerorum

186 1770 378 1817 indicare,
418 1784 498 1807 non
535 1770 713 1820 pondera
751 1771 1013 1818 syllabarum,
1055 1774 1095 1807 et
1136 1771 1204 1820 qui
1244 1770 1473 1819 tribrachyn
1518 1783 1693 1819 pronun-

185 1838 323 1875 tiando
355 1838 556 1887 dactylum
589 1838 741 1885 reddat,
775 1842 843 1876 aut
873 1838 1091 1888 spondeum
1124 1838 1310 1885 iambum,
1345 1852 1433 1875 eum
1464 1838 1563 1875 male
1594 1840 1692 1876 reci-

185 1909 283 1943 tare.
325 1905 438 1952 Quod
463 1906 495 1942 si
520 1906 710 1943 iambicos
735 1906 1036 1955 trochaicosque
1067 1919 1207 1943 versus
1238 1907 1489 1955 antiquorum
1515 1907 1692 1956 exemplo

187 1973 359 2023 dipodiis
390 1974 586 2020 metimur,
619 1988 698 2012 non
729 1974 818 2011 ideo
850 1975 965 2011 alteri
997 1988 1044 2011 ex
1077 1974 1229 2012 duobus
1260 1974 1427 2024 pedibus
1452 1975 1577 2011 maius
1610 1988 1692 2011 mo-

185 2044 362 2078 mentum
392 2041 618 2079 tribuimus.
681 2042 796 2088 Quod
837 2046 967 2079 autem
1004 2043 1109 2079 inter
1138 2043 1246 2080 viros
1277 2042 1415 2080 doctos
1447 2041 1692 2091 disputatum

186 2112 262 2157 est,
294 2112 427 2146 utrum
458 2110 637 2147 iambicae
671 2110 843 2159 dipodiae
875 2111 985 2159 prior
1023 2124 1074 2147 an
1111 2111 1309 2159 posterior
1339 2123 1408 2159 pes
1439 2111 1562 2147 ictum
1595 2111 1692 2147 acci-

185 2191 279 2227 pere
311 2177 485 2226 deberet,
519 2177 560 2215 id
593 2177 752 2227 quidem
783 2178 921 2226 negari
952 2178 1103 2227 nequit,
1137 2191 1214 2225 eos,
1243 2178 1311 2228 qui
1335 2178 1548 2228 posteriori
1571 2179 1692 2215 ictum

184 2245 384 2292 tribuant,
418 2245 664 2296 Geppertum
697 2249 736 2282 et
765 2246 1076 2295 W'estphalium,
1121 2247 1377 2295 antiquorum
1415 2247 1691 2283 auctoritatem

185 2314 308 2362 sequi,
335 2314 366 2350 si
393 2314 550 2363 quidem
567 2313 665 2350 Iuba
690 2313 794 2363 apud
812 2313 1001 2350 Priscian.
1029 2313 1076 2350 de
1098 2314 1235 2350 metris
1254 2313 1412 2350 Terent.
1430 2327 1468 2362 p.
1489 2315 1569 2351 420
1588 2314 1688 2350 Keil.

190 2382 254 2427 „in
285 2379 436 2430 primo“
472 2382 604 2431 inquit
640 2381 763 2430 „pede
796 2385 835 2418 et
865 2382 984 2418 tertio
1017 2381 1157 2429 incipit
1183 2384 1221 2417 et
1244 2382 1283 2417 in
1308 2382 1458 2430 quinto,
1484 2381 1627 2417 feritur
1652 2382 1691 2418 in

185 2449 357 2487 secundo
385 2452 423 2486 et
448 2452 590 2498 quarto
619 2452 657 2485 et
683 2447 835 2495 sexto‘⁴,
862 2449 1045 2498 idemque
1070 2452 1109 2485 et
1127 2449 1388 2485 Terentianus
1413 2462 1448 2485 v.
1470 2449 1577 2485 2240
1603 2462 1688 2498 sqq.

186 2516 302 2554 docet
341 2520 381 2554 et
419 2516 566 2554 Caesius
606 2516 751 2553 Bassus
790 2516 895 2566 apud
933 2516 1119 2554 Rufinum
1149 2516 1186 2563 I,
1222 2518 1264 2562 5,
1307 2516 1451 2565 quibus
1492 2528 1568 2565 quo
1606 2517 1689 2553 iure

185 2588 410 2634 opponatur
448 2584 635 2621 Aristidis
674 2584 783 2621 locus
826 2582 988 2631 (Christ.
1021 2583 1140 2620 Metr.
1173 2597 1210 2633 p.
1247 2581 1337 2631 (35),
1378 2597 1457 2621 non
1497 2584 1687 2633 intelligm

185 2652 262 2690 Sed
293 2654 386 2702 quia
417 2653 465 2690 de
497 2654 607 2690 varia
637 2652 781 2701 pedum
812 2652 1010 2701 gravitate
1041 2665 1089 2688 ne
1121 2652 1292 2701 antiquis
1325 2651 1483 2702 quidem
1519 2652 1690 2689 auctori-

184 2720 258 2757 bus
290 2721 426 2767 credo,
467 2722 507 2757 in
546 2720 717 2757 levicula
755 2734 815 2766 re,
855 2719 923 2756 ubi
960 2722 1106 2768 praeter
1145 2720 1330 2757 metiendi
1370 2720 1688 2757 commoditatem

185 2788 285 2825 nihil
317 2788 572 2838 spectandum
606 2791 684 2835 est,
717 2802 738 2824 a
768 2788 922 2837 vulgari
953 2786 1200 2835 significandi
1242 2801 1351 2825 more
1390 2787 1541 2837 digredi
1582 2787 1688 2824 nolui

186 2859 237 2903 et,
270 2856 395 2894 sicubi
428 2865 610 2894 accentus
641 2855 787 2904 addidi,
816 2857 991 2905 priorem
1018 2857 1205 2906 cuiusque
1231 2855 1400 2905 dipodiae
1424 2855 1566 2905 pedem
1590 2855 1689 2891 ictus

1350 2930 1411 2964 12*
