1926 3275
221 302 243 340 3
251 303 301 340 24
852 297 1087 341 Amphitruo.

220 425 308 465 sivi>
337 430 376 464 et
407 427 588 477 proximo
625 439 743 463 versu
772 423 810 463 εἰ
839 423 939 473 Sim‘,
972 423 1012 463 Si
1041 423 1270 475 (saudeam‘)
1306 427 1578 464 coniunctivus
1609 429 1723 477 poni-

219 499 303 542 tur,
351 507 429 531 non
474 508 564 531 raro
612 494 717 544 apud
755 494 940 531 Plautum
981 494 1035 531 sic
1074 494 1193 530 lat-ius
1231 497 1343 543 patet
1383 495 1491 531 notio
1531 496 1723 532 orationis

221 563 403 613 obliquae,
436 566 480 599 ut
509 563 715 599 sententiae
748 562 924 599 relativae
956 561 1217 599 coniunctivis
1243 563 1450 599 sententiis
1478 563 1724 611 interpositae

221 634 258 667 et
290 631 385 680 ipsae
419 631 671 667 coniunctivo
703 630 820 667 modo
850 630 1115 680 proferantur,
1149 629 1217 666 ubi
1249 630 1317 667 alii
1349 630 1564 679 scriptores
1591 631 1725 680 potius

219 698 477 735 indicativum
518 698 762 747 posuissent3
805 698 852 734 cf.
888 698 981 735 817.
1043 697 1154 747 Capt.
1190 699 1290 735 205:
1343 699 1503 747 „pigeat
1548 702 1727 735 nostruin

221 779 340 812 erum,
376 766 408 802 si
439 765 589 802 solutos
622 766 736 812 sinat,
772 779 867 815 quos
900 769 1064 815 argento
1097 763 1278 802 emerit“.
1339 765 1424 802 Mil.
1461 767 1562 803 302:
1599 765 1728 812 „Quid

218 835 292 871 tibi
323 835 384 870 uis
417 833 556 879 dicam,
589 834 665 871 nisi
697 833 803 883 quod
834 832 1056 870 uiderim?“
1110 834 1209 870 372:
1242 833 1466 883 Numquam
1497 833 1628 871 hercle
1660 833 1726 871 de·

219 902 411 948 terrebor,
446 902 541 950 quin
571 901 739 938 uiderim
770 901 811 938 id
839 901 944 951 quod
969 899 1179 938 uiderim“.
1230 903 1329 938 555:
1367 901 1537 948 „Quidni
1562 901 1726 948 fateare,

223 982 295 1017 ego
328 969 435 1019 quod
465 968 687 1007 uideriin‘?“
737 969 878 1007 Pseud.
916 971 1015 1007 307:
1058 969 1177 1016 „Det,
1211 968 1278 1006 det
1307 982 1451 1018 usque,
1485 969 1641 1018 quando
1672 969 1729 1006 nil

220 1039 289 1084 sit,
330 1038 444 1074 simul
484 1051 614 1075 amare
654 1036 850 1075 desinat“.
881 1057 938 1062 —
971 1038 1064 1075 953.
1098 1035 1185 1085 {pse
1216 1034 1315 1074 item
1355 1034 1413 1074 sit
1450 1038 1571 1074 ceteri
1611 1037 1724 1074 codd.

218 1109 362 1155 praeter
392 1105 435 1142 B.
471 1125 519 1130 —
555 1106 768 1154 conparel‘,
810 1109 1023 1155 conponat,
1067 1106 1270 1152 instituat,
1313 1105 1360 1142 cf.
1393 1105 1482 1142 Ter.
1516 1104 1618 1143 Eun.
1653 1106 1727 1141 47:

225 1174 311 1220 „An
349 1174 483 1223 potius
521 1175 578 1211 ita
616 1187 677 1211 me
717 1187 947 1224 conparem,
988 1173 1077 1210 Non
1115 1173 1270 1222 perpeti
1305 1173 1558 1210 meretricum
1591 1175 1728 1209 contu·

220 1239 396 1278 melias⁴‘.
423 1261 479 1265 —
505 1242 598 1278 956.
626 1242 672 1278 cf.
701 1243 794 1279 909.
828 1241 922 1279 Voc.
954 1239 1040 1279 icem
1072 1245 1162 1278 ante
1195 1238 1352 1278 (Imlmn
1382 1241 1423 1277 in
1456 1240 1569 1278 codd.
1602 1240 1728 1277 intru-

221 1322 306 1345 sum
344 1322 417 1345 nec
454 1321 590 1345 versus
631 1322 701 1346 nec
731 1309 926 1346 sententia
957 1309 1151 1355 admittit,
1192 1308 1341 1346 delevit
1381 1308 1641 1345 Camerarius.
1674 1328 1729 1333 ——

224 1378 317 1414 957.
349 1377 445 1413 Post
477 1374 626 1415 (liw'sfi
655 1377 804 1423 hiatus3
839 1377 987 1414 Camer.
1026 1374 1116 1422 „tu“
1154 1376 1339 1413 addebat.
1387 1375 1427 1413 Si
1460 1376 1555 1426 quid
1582 1375 1728 1413 adden-

222 1445 326 1491 dum,
359 1445 492 1482 malim
530 1443 661 1494 ,‚Ego“
697 1449 741 1482 ut
767 1447 860 1482 757.
907 1444 966 1482 Fl.
995 1444 1199 1481 audacius:
1239 1445 1323 1491 „An
1355 1444 1446 1481 illut
1478 1442 1648 1482 ioculo“.
1673 1464 1731 1468 —

220 1512 317 1550 Post
338 1512 457 1550 ‘ratus
482 1514 682 1550 omittitur
711 1511 862 1559 ‚,S111n“,
896 1513 941 1550 cf.
969 1512 1017 1549 ad
1041 1526 1077 1550 v.
1107 1514 1198 1550 590.
1224 1532 1278 1536 —
1307 1513 1400 1550 958.
1435 1512 1580 1549 Versus
1613 1525 1729 1550 causa

221 1580 516 1617 Lindemannus
555 1578 616 1618 Af
654 1582 777 1631 capiti
816 1593 955 1618 versus
997 1579 1189 1627 addebat3
1231 1580 1370 1617 melius
1401 1579 1551 1618 Ritsch.
1586 1580 1727 1630 Opusc.

221 1648 278 1694 II,
311 1661 348 1697 p.
384 1649 461 1685 431
504 1652 635 1685 censet
676 1646 1040 1698 θ’[Ρῖινίῃαὐῖθηθυι
1078 1648 1330 1685 scribendum
1370 1661 1452 1685 esse
1492 1651 1531 1685 et
1562 1647 1600 1685 h.
1633 1648 1657 1685 1.
1691 1651 1730 1685 et

221 1715 387 1753 Mercat.
408 1718 506 1753 949:
547 1717 623 1763 „At
648 1730 716 1766 ego
743 1716 1086 1767 expurigationem
1110 1715 1275 1762 habebo,
1307 1720 1353 1752 ut
1383 1729 1432 1752 ne
1464 1713 1728 1753 succenseat“.

222 1783 283 1820 Ex
313 1797 390 1833 quo
421 1784 507 1821 loco
540 1786 658 1821 etiam
690 1784 729 1821 id
760 1784 1007 1832 intelligitur,
1042 1781 1384 1833 ezrfflcrsjcttiouem
1408 1780 1555 1822 hcc-bere
1580 1797 1663 1821 esse
1689 1796 1729 1820 se

222 1864 413 1901 purgare3
440 1853 485 1889 cf.
506 1851 618 1902 Capt.
641 1853 741 1889 815:
779 1852 1018 1898 „edictiones
1050 1852 1252 1889 aedilicias
1282 1851 1345 1888 hic
1379 1851 1537 1900 quidem
1568 1849 1728 1888 habet“.

226 1938 276 1943 —
312 1920 405 1956 959.
439 1930 524 1957 rem
557 1917 757 1967 (twinam,
791 1933 901 1957 sacra
933 1934 974 1956 se
1005 1919 1203 1956 facturum
1235 1919 1354 1966 (licit,
1387 1923 1432 1956 ut
1466 1922 1556 1956 vota
1590 1919 1729 1965 solvat,

225 1999 311 2035 quae
343 1999 414 2036 pro
446 1987 549 2024 felici
580 1987 713 2024 reditu
744 1988 972 2037 susceperit,
1006 2001 1042 2025 v.
1072 1988 1164 2023 941.
1215 1986 1421 2024 Sententia
1452 1987 1620 2024 relativa
1650 2000 1730 2024 non

225 2058 407 2091 accurate
455 2068 540 2092 cum
588 2055 896 2092 demonstrativa
941 2055 1134 2104 iungitur,
1182 2056 1384 2104 magisque
1431 2068 1565 2091 sensus
1613 2068 1730 2104 quam

224 2121 345 2158 verba
383 2126 628 2170 spectantur,
671 2123 716 2160 cf.
750 2123 859 2160 Asin.
895 2124 994 2159 552:
1040 2123 1233 2168 „uirtutes
1264 2126 1354 2159 tuas
1487 2136 1586 2172 quae
1625 2122 1728 2159 domi

227 2188 426 2239 duellique
466 2190 569 2226 male
608 2190 775 2228 fecisti“.
839 2190 949 2240 Capt.
985 2191 1085 2227 918:
1134 2203 1204 2237 „ex
1243 2191 1411 2227 miseriis
1450 2190 1631 2240 plurimis
1669 2204 1731 2227 me

227 2261 474 2304 exemerunt,
509 2271 609 2307 quae
643 2289 649 2295 .
679 2289 684 2295 .
715 2289 721 2295 .
756 2256 1065 2295 sustentabam‘&
1127 2258 1231 2295 Men.
1267 2259 1366 2295 969:
1415 2262 1483 2304 „ut
1521 2258 1730 2308 imperium

225 2337 353 2360 meum
385 2324 590 2374 Sapienter
628 2326 808 2362 habeatis
848 2339 984 2373 curae,
1019 2339 1118 2375 quae
1150 2326 1343 2376 imperaui
1381 2329 1501 2375 atque
1534 2324 1727 2375 imper0‘².

226 2391 383 2429 Terent.
417 2392 558 2430 Heaut.
593 2395 672 2430 876
707 2408 784 2443 sq.:
834 2393 1024 2440 „Quiduis
1055 2394 1195 2431 harum
1226 2407 1358 2431 rerum
1391 2395 1595 2440 conuenit,
1629 2406 1730 2443 quae

228 2462 320 2496 sunt
351 2459 495 2497 dicta⁴‘.
544 2461 623 2497 Nec
654 2461 777 2498 multo
809 2462 926 2498 aliter
956 2463 1040 2511 ipse
1073 2462 1207 2499 Cicero
1239 2461 1287 2498 de
1318 2461 1404 2498 Fin.
1437 2461 1512 2508 III,
1548 2463 1618 2508 21,
1654 2463 1728 2499 70:

234 2528 478 2573 ,Amicitiam
504 2528 765 2566 adhibendam
789 2543 871 2566 esse
897 2532 1068 2576 censent,
1096 2531 1188 2579 quia
1214 2530 1266 2566 sit
1298 2543 1344 2566 ex
1377 2542 1421 2566 eo
1454 2541 1608 2577 genere,
1642 2542 1728 2578 quae

228 2593 434 2644 prosunt“.
496 2596 601 2632 Alibi
633 2597 816 2634 licentius
848 2611 870 2633 a
902 2598 1093 2647 singulari
1134 2597 1184 2634 ad
1215 2597 1407 2647 pluralem
1440 2598 1651 2643 transitur,
1685 2601 1730 2634 ut

229 2675 349 2711 supra
382 2664 473 2699 724.
535 2663 652 2700 Most.
689 2666 787 2701 550:
840 2664 940 2711 „Sed
971 2665 1250 2702 Philolachetis
1282 2678 1437 2702 seruom
1471 2678 1601 2702 eccum
1633 2665 1728 2702 Tra-

229 2731 349 2775 nium,
383 2730 457 2775 Qui
488 2731 582 2767 mihi
615 2745 684 2768 nec
711 2733 821 2769 fenus
846 2745 915 2768 nec
939 2736 1085 2768 sortem
1112 2733 1265 2782 argenti
1291 2730 1482 2769 danunt“.
1516 2732 1605 2769 Aul.
1624 2733 1725 2769 429:

235 2796 387 2841 „Etiam
435 2799 604 2844 rogitas,
652 2799 815 2835 sceleste
860 2799 1006 2837 homo?
1054 2801 1121 2849 qui
1168 2800 1330 2849 angulos
1376 2800 1502 2837 omnis
1549 2799 1729 2837 Mearum

231 2864 383 2901 aedium
417 2868 456 2900 et
487 2866 730 2903 conclauium
763 2867 856 2903 mihi
888 2867 1067 2915 peruiam
1097 2866 1268 2904 facitis&
1316 2867 1410 2905 Uist.
1435 2868 1533 2904 554:
1572 2867 1728 2912 „Uesti-
