1926 3275
856 265 898 301 V.
924 266 1069 300 64—95.
1636 268 1717 311 359

210 398 317 444 dum,
341 400 386 435 ut
409 397 588 447 plerique
613 396 784 434 editores
808 396 998 433 fecerunt.
1017 415 1074 420 -—-
1091 396 1156 432 79.
1184 404 1305 444 quom
1330 394 1435 444 quod
1458 395 1718 433 indicativum

210 466 289 503 sibi
319 465 510 515 adiungit,
543 479 579 502 v.
607 465 658 502 ad
680 464 822 514 Amph.
850 465 944 510 747,
980 463 1026 501 cf.
1053 463 1157 500 infra
1184 464 1249 500 81.
1288 464 1379 499 111.
1407 483 1462 487 —
1489 464 1553 501 80.
1586 460 1718 501 honor

209 533 379 571 habetur
416 533 575 581 ingenio
616 534 717 579 eius,
758 533 819 569 cui
851 531 1017 569 ceditur.
1050 551 1107 556 --
1139 532 1203 569 84.
1239 527 1443 569 Sauream
1472 545 1608 568 versus
1639 545 1717 569 non

208 603 376 652 patitur.
437 600 576 638 Douza
611 598 838 647 „Saureawffl
875 600 994 637 scribi
1034 598 1211 645 volebat,
1253 598 1320 635 sed
1358 612 1380 636 a
1412 598 1559 636 Graecis
1598 599 1716 637 decli-

209 670 332 707 nandi
362 670 497 706 formis
521 669 687 706 Plautus
718 668 953 705 abstinuisse
984 668 1154 704 videtur.
1209 667 1320 704 Koch
1356 664 1530 714 „uoxor“
1566 667 1715 714 scribit,

212 739 260 776 de
292 751 369 788 quo
401 737 481 775 vid.
515 737 565 774 ad
587 737 730 787 Amph.
762 737 881 774 1102.
928 735 1123 773 Fleckeis.
1162 733 1258 781 „ne“
1295 734 1418 782 addit,
1451 736 1567 772 nimis
1599 735 1715 781 dure3

209 806 357 844 Muller
394 803 598 853 „domum“
644 806 685 841 in
724 805 832 841 exitu
863 817 1000 841 versus
1033 803 1224 841 excidisse
1255 807 1390 853 putat,
1424 802 1557 840 Gertz,
1589 806 1716 840 trans-

209 875 403 925 ponebat:
449 887 574 920 „uxor
613 871 840 910 Sauream“.
874 893 930 896 —
961 868 1134 910 Doz‘cde's
1173 885 1328 918 servus,
1372 872 1439 922 qui
1479 871 1583 909 dotis
1622 884 1716 921 pars

210 946 283 980 est.
330 943 376 979 In
407 956 549 992 magna
579 955 621 978 re
653 941 839 978 familiari
870 941 969 977 tales
1002 941 1105 977 servi
1137 953 1241 989 saepe
1275 939 1322 976 ab
1354 953 1477 977 uxore
1509 940 1593 976 sola
1622 952 1718 988 pen-

211 1010 367 1057 debant,
402 1023 472 1047 nec
504 1011 638 1047 mariti
668 1009 792 1046 ullum
818 1009 858 1045 in
882 1022 948 1046 eos
974 1009 1183 1058 imperium
1212 1011 1308 1044 erat.
1357 1007 1458 1053 Quin
1488 1007 1565 1053 „M.
1592 1004 1713 1044 Cato“

209 1082 255 1116 ut
289 1080 345 1115 ait
369 1077 520 1115 Gellius
547 1077 670 1124 XVII,
700 1079 734 1124 6,
766 1079 782 1114 1
824 1077 1060 1124 „Voconiam
1091 1076 1215 1125 legem
1249 1075 1418 1112 suadens
1450 1075 1580 1112 verbis
1611 1074 1718 1111 hisce

208 1160 302 1184 usus
342 1150 418 1184 est:
466 1146 666 1196 Principio
705 1146 818 1182 nobis
855 1145 997 1182 mulier
1035 1157 1214 1193 magnam
1257 1143 1388 1181 dotem
1430 1143 1585 1190 attulit,
1633 1146 1718 1179 tum

210 1227 394 1263 magnam
431 1215 639 1264 pecuniam
678 1214 840 1263 recipit,
882 1226 1000 1262 quam
1039 1214 1081 1250 in
1118 1213 1193 1249 viri
1230 1215 1473 1261 potestatem
1512 1224 1590 1247 non
1627 1224 1718 1247 con-

209 1285 365 1330 mittat,
400 1297 484 1320 eam
515 1283 721 1332 pecunia-m
751 1283 837 1319 viro
870 1284 1047 1318 mutuam
1080 1281 1167 1328 dat3
1200 1283 1351 1330 postea,
1384 1279 1451 1316 ubi
1483 1281 1585 1316 irata
1616 1279 1719 1315 facta

210 1356 282 1399 est,
316 1364 471 1389 seruom
504 1351 761 1401 recepticium
793 1350 932 1387 sectari
960 1353 1079 1399 atque
1102 1347 1284 1398 flagitare
1309 1349 1436 1386 virum
1462 1346 1613 1385 iubet“.
1655 1346 1719 1384 Ad

210 1434 327 1471 quem
366 1420 496 1457 locum
529 1418 678 1456 Gellius
711 1416 731 1466 ξ
765 1419 808 1455 S:
855 1419 1039 1467 „recipit,
1072 1417 1147 1454 hoc
1178 1420 1237 1454 est
1268 1414 1454 1454 retiiiet“.
1517 1415 1629 1453 Conf.
1661 1415 1716 1452 M.

209 1487 346 1526 Senec.
367 1487 554 1525 Controv.
574 1487 658 1534 VII,
680 1485 811 1534 (5(21)7
835 1488 874 1523 1:
914 1485 1039 1533 „habe
1070 1499 1174 1522 nunc
1204 1485 1263 1521 illi
1294 1486 1493 1531 honorem,
1520 1484 1580 1521 fac
1606 1483 1718 1520 dota-

210 1557 298 1603 lem,
332 1557 413 1593 sine
445 1555 643 1592 dominam
672 1553 910 1592 custodiat“.
961 1555 1004 1592 3:
1037 1553 1233 1603 „Eligitur
1257 1555 1433 1600 maritus,
1461 1566 1577 1602 quem
1601 1565 1718 1588 sanus

209 1628 324 1674 pater
357 1624 529 1661 dotalem
561 1621 774 1660 dedisset“.
823 1622 1026 1659 Claudian.
1054 1623 1095 1658 in
1118 1622 1287 1671 Eutrop.
1313 1621 1342 1668 I,
1373 1622 1470 1659 104:
1509 1620 1716 1667 „Dotalem

211 1706 355 1743 genero
401 1693 715 1740 nutritoremque
761 1691 903 1740 puellae
942 1688 1165 1727 T1·adidit“.
1209 1711 1263 1715 —
1305 1691 1368 1727 85.
1405 1686 1502 1739 (suoi
1530 1685 1633 1737 plu-5¹
1671 1685 1717 1725 {n

208 1772 338 1800 memet
370 1758 436 1808 sit,
469 1761 494 1797 i.
528 1773 560 1796 e.
593 1760 632 1796 in
664 1762 873 1808 potestate,
909 1758 955 1796 cf.
989 1758 1132 1808 Amph.
1169 1760 1261 1796 560.
1311 1758 1596 1795 Coniunctivus
1629 1769 1718 1793 con-

212 1830 343 1867 silium
381 1828 549 1874 indicat3
590 1842 639 1865 ne
679 1829 845 1865 maritus
883 1828 1088 1877 pecuniam
1136 1826 1452 1872 administraret,
1493 1838 1603 1862 suum
1643 1823 1718 1861 sibi

210 1911 368 1935 servum
408 1896 574 1934 adduxit
612 1896 941 1946 dispensatorem.
974 1916 1029 1920 —
1070 1896 1134 1932 90.
1169 1891 1397 1932 Maxumas
1435 1904 1570 1943 missas
1610 1890 1716 1942 (slsis,

212 1966 394 2013 nugaris,
428 1965 535 2014 quod
567 1978 627 2001 me
658 1964 752 2011 tibi,
786 1965 854 2013 qui
885 1964 985 2000 nihil
1023 1963 1161 2010 habes,
1194 1964 1403 2012 pecuniam
1435 1975 1506 2012 per
1537 1961 1717 1998 fraudem

212 2035 369 2083 cripere
399 2033 524 2079 iubes,
559 2035 670 2082 quasi
704 2046 763 2069 me
794 2032 900 2069 nudo
931 2032 1165 2068 vestimenta
1193 2031 1402 2068 detrahere
1429 2031 1578 2068 iubeas.
1625 2029 1719 2066 Haec

211 2105 319 2139 recte
347 2105 386 2138 et
403 2101 587 2138 Plautino
619 2114 727 2138 more
759 2100 964 2147 dicuntur,
997 2100 1065 2137 sed
1096 2113 1235 2150 parum
1269 2103 1361 2149 apte
1393 2099 1571 2148 proximo
1603 2110 1719 2134 versu

214 2168 304 2218 (92)
347 2183 449 2207 nova
494 2169 710 2207 similitudo
758 2169 944 2216 infertur,
998 2170 1105 2215 „sine
1152 2169 1291 2218 pennis
1336 2165 1467 2213 uola“,
1515 2166 1719 2214 multoque

212 2240 332 2276 etiam
376 2239 551 2287 ineptius
597 2237 728 2275 verbis
780 2237 1020 2284 „Defrudein
1058 2240 1097 2273 te
1137 2234 1233 2286 eg0“
1284 2235 1421 2273 eadem
1467 2237 1718 2284 repetuntur,

213 2319 301 2356 quae
332 2307 514 2355 proximo
546 2319 662 2342 versu
693 2306 891 2355 leguntur,
926 2319 1047 2354 quare
1079 2307 1164 2342 iure
1196 2304 1299 2341 hunc
1330 2316 1484 2341 versum
1519 2301 1721 2338 damnavit

212 2373 273 2411 Fl.
307 2395 363 2399 —
396 2375 460 2411 93.
499 2372 776 2420 „defraudem“
805 2374 878 2420 Fl.,
912 2377 957 2410 ut
988 2387 1022 2410 v.
1058 2374 1108 2410 90
1143 2377 1182 2410 et
1214 2374 1278 2410 94.
1327 2371 1476 2409 Ritsch.
1504 2371 1542 2407 in
1559 2370 1718 2418 Parerg.

212 2455 254 2492 p.
287 2443 362 2479 541
398 2442 564 2479 formam
601 2440 855 2488 „defrudem“
892 2441 1016 2490 magis
1048 2440 1218 2490 probare
1249 2440 1417 2486 videtur,
1453 2452 1570 2488 quam
1603 2439 1720 2474 ctiam

213 2510 321 2547 Men.
357 2511 435 2547 672
469 2523 526 2559 sq.
570 2509 680 2547 codd.
721 2510 879 2547 habent.
915 2529 971 2534 --
1010 2511 1074 2546 95.
1113 2506 1201 2558 Qua
1235 2539 1241 2545 .
1270 2539 1277 2545 .
1307 2538 1314 2545 .
1338 2508 1480 2556 potes,
1517 2508 1541 2543 i.
1576 2520 1608 2543 e.
1642 2518 1721 2555 qua

215 2579 380 2625 ratione,
414 2591 493 2628 qua
524 2579 588 2615 via
618 2582 749 2628 potes,
784 2578 830 2615 cf.
857 2577 969 2615 Ovid.
989 2577 1108 2614 Trist.
1134 2577 1163 2624 I,
1193 2578 1228 2624 9,
1257 2578 1328 2614 65:
1367 2590 1469 2626 „qua
1499 2578 1623 2624 potes,
1657 2588 1721 2611 ex-

215 2644 348 2684 cusa“.
409 2646 479 2693 III,
515 2648 551 2692 7,
588 2647 658 2682 54:
697 2645 861 2694 „Effuge
893 2650 1101 2692 venturos,
1135 2659 1213 2694 qua
1243 2647 1373 2694 potes,
1408 2657 1532 2693 usquc
1564 2641 1720 2692 rogos‘².

215 2727 264 2752 cx
294 2714 406 2751 Pont.
440 2714 489 2761 II,
524 2715 561 2760 4,
597 2714 668 2750 34:
707 2728 809 2763 „qua
839 2712 971 2751 licet“.
1026 2714 1121 2751 Mct.
1155 2713 1223 2759 IX,
1259 2714 1358 2750 510:
1398 2726 1499 2761 „qua
1529 2712 1587 2748 fas
1620 2709 1720 2748 est‘st

216 2781 332 2831 Verg.
351 2783 441 2819 AEu.
460 2782 529 2828 XI,
556 2783 655 2819 293:
689 2795 790 2831 „qua
815 2780 973 2819 datur‘''.
1018 2781 1132 2828 Quod
1156 2782 1195 2818 in
1221 2781 1307 2818 cod.
1328 2782 1356 2818 Β
1383 2780 1543 2817 additur
1571 2777 1719 2826 „arte‘',

214 2848 333 2887 Festo
372 2853 532 2886 auctore
571 2849 766 2887 abiectum
800 2854 878 2897 est,
914 2851 980 2900 qui
1011 2864 1049 2900 p.
1088 2851 1164 2887 198
1198 2863 1334 2887 versus
1368 2849 1561 2886 0:3—100
1595 2847 1720 2893 affert,
