1926 3275
311 281 386 319 172
918 279 1195 323 Prolegomena.

309 409 401 445 953.
437 408 529 444 964.
567 408 685 444 1123.
719 407 893 444 Trinum.
928 409 1022 445 402.
1058 410 1151 445 729.
1187 410 1280 445 998.
1313 408 1470 446 Trucul.
1498 408 1563 447 22.
1592 411 1683 447 321.
1712 412 1804 448 351.

309 477 401 513 619.
437 476 536 522 6573
576 476 700 512 altera
730 478 824 512 nota
855 476 882 512 O
919 475 1132 512 trochaicis
1172 477 1405 524 septenariis
1436 479 1718 526 superponitur
1747 479 1807 516 his

305 545 420 581 locis:
454 544 575 580 Mei-c.
603 544 696 580 460.
729 543 870 579 Pseud.
906 544 998 579 671.
1035 544 1128 580 698.
1165 545 1257 580 961.
1295 545 1414 581 1234.
1448 544 1564 581 ΡσὲΠΓ
1584 547 1676 583 507.
1712 547 1804 583 581.

308 613 400 648 826.
449 611 555 648 Trin.
591 612 683 648 602.
727 612 818 647 627.
863 613 983 648 1008.
1022 612 1140 648 1125.
1189 612 1346 648 Trucul.
1382 613 1474 650 687.
1509 610 1657 660 762*),
1698 617 1806 651 octo-

306 680 425 716 nariis
456 679 520 716 vel
551 679 730 716 iambicis
758 679 818 715 vel
842 679 1053 716 trochaicis
1077 680 1136 716 his
1161 680 1275 717 locis:
1307 679 1423 729 Epid.
1454 682 1544 717 181.
1577 680 1683 718 Poen.
1711 683 1804 719 820.

305 746 445 784 Pseud.
483 748 572 784 132.
608 748 701 785 909.
749 746 855 783 Trin.
891 749 989 794 820,
1024 749 1231 797 anapaestis
1272 748 1366 785 Cist.
1401 749 1495 786 200.
1541 749 1647 786 Poen.
1685 750 1804 786 1177.

305 816 410 851 Trin.
448 809 573 861 1115‘,
607 816 760 851 creticis
792 815 1088 864 bacchiacisque
1119 816 1225 853 Trin.
1261 817 1356 853 276.
1389 816 1548 854 Trucul.
1582 818 1675 854 211.
1712 819 1803 855 548.

303 883 350 920 In
380 886 491 920 tanto
523 896 715 920 consensu
747 883 919 920 dubitari
960 897 1037 920 non
1068 887 1219 933 potest,
1261 885 1356 933 quin
1394 885 1584 934 perpauci
1621 885 1680 921 illi
1716 886 1803 933 loci,

304 951 371 988 ubi
402 952 517 988 aliter
547 954 750 1000 ponuntur
780 955 902 998 notae,
936 953 1077 989 vitium
1109 953 1398 999 contraxerint,
1430 954 1649 1002 praesertim
1686 967 1806 1002 quum

303 1021 343 1056 in
375 1019 525 1056 duobus
566 1032 674 1056 error
713 1020 945 1056 manifestus
984 1021 1053 1067 sit,
1086 1034 1176 1057 nam
1206 1021 1247 1057 in
1276 1020 1394 1069 Epid.
1432 1022 1509 1057 167
1544 1021 1704 1059 SENES
1734 1022 1806 1060 DV

303 1088 510 1137 legendum
543 1091 601 1125 est
636 1101 771 1134 „senes
797 1086 913 1135 duo“,
946 1089 986 1125 in
1011 1088 1138 1126 Oasin.
1167 1089 1246 1126 747
1278 1089 1504 1138 hymenaeus
1528 1089 1578 1126 ad
1600 1090 1805 1128 tibicinem

304 1159 503 1202 canta-tur,
535 1158 580 1192 ut
611 1159 819 1205 appareat,
854 1171 932 1194 non
964 1156 1035 1194 DV
1066 1157 1136 1194 sed
1169 1157 1196 1195 C
1228 1157 1478 1195 scribendum
1508 1158 1647 1205 fuisse3
1687 1159 1805 1196 relin-

304 1227 480 1273 quuntur
511 1223 623 1272 Capt.
657 1225 737 1261 459
771 1227 809 1261 et
839 1225 955 1273 Epid.
993 1226 1083 1272 105,
1119 1225 1187 1261 ubi
1217 1225 1289 1262 DV
1319 1225 1530 1263 trochaicis
1561 1228 1803 1276 septenariis,

303 1292 410 1328 Trin.
449 1293 574 1338 1093,
610 1292 676 1328 ubi
708 1292 736 1330 C
768 1294 931 1330 senariis
972 1293 1146 1331 iambicis
1187 1292 1550 1343 s11perponitur**).
1611 1294 1681 1332 His
1712 1295 1805 1333 solis

302 1359 398 1397 locis
443 1361 663 1408 permoveri
708 1374 786 1398 non
833 1360 1039 1408 debemus,
1087 1364 1132 1398 ut
1177 1365 1245 1399 aut
1293 1363 1470 1399 senarios
1516 1366 1692 1400 cantatos
1738 1366 1806 1401 aut

303 1429 545 1476 septenarios
585 1441 662 1465 non
702 1432 878 1467 cantatos
917 1443 999 1467 esse
1039 1433 1271 1467 statuamus.
1332 1429 1539 1467 Accedunt
1577 1432 1654 1468 alia
1690 1433 1803 1469 testi-

302 1495 433 1532 monia
476 1497 704 1534 certissima.
765 1497 865 1534 Nam
904 1499 945 1534 in
983 1497 1261 1547 Aristophanis
1299 1498 1400 1535 Pace
1438 1513 1474 1536 v.
1509 1500 1588 1536 324
1629 1513 1713 1549 sqq.
1755 1500 1804 1536 ad

302 1563 522 1601 trochaicos
562 1568 816 1602 tetrametros
852 1566 1023 1603 saltatur
1053 1566 1411 1614 vehementissime3
1444 1580 1515 1604 nec
1548 1567 1623 1604 alio
1656 1567 1804 1605 ducunt

301 1631 483 1681 Xenoph.
517 1632 648 1682 Symp.
684 1634 728 1680 6,
764 1635 808 1671 3:
858 1635 984 1683 ὥσπερ
1016 1636 1262 1684 Νικόστρατος
1304 1636 1322 1671 ὁ
1359 1635 1550 1684 ὑποκριτὴς
1587 1637 1803 1685 τετράμετρα

302 1701 393 1748 πρὸς
430 1701 490 1736 τὸν
529 1701 637 1738 αὐλὸν
678 1704 878 1751 κατέλεγεν,
910 1702 986 1740 Cic.
1020 1703 1175 1740 Tuscul.
1208 1703 1245 1750 I,
1278 1703 1350 1750 44,
1387 1704 1484 1741 107;
1537 1717 1681 1752 „quum
1720 1707 1802 1741 tam

300 1768 424 1805 bonos
470 1771 715 1819 septenarios
754 1770 896 1807 fundat
933 1770 983 1807 ad
1020 1769 1198 1818 tibiam“,
1237 1775 1307 1808 aut
1345 1771 1450 1820 quod
1488 1771 1620 1808 Plauti
1660 1774 1699 1808 et
1728 1772 1801 1808 Te-

301 1837 421 1872 rentii
475 1836 615 1874 fabulae
670 1838 870 1887 pleraeque
925 1851 1060 1875 omnes
1112 1839 1321 1876 trochaicis
1375 1841 1609 1889 septenariis
1660 1838 1800 1876 finiun-

300 1900 474 1951 tur***);
522 1918 611 1942 nam
657 1908 701 1942 ut
746 1905 849 1953 apud
887 1905 1192 1956 Aristophanem
1238 1907 1440 1954 saltando,
1484 1909 1540 1944 ita
1579 1908 1685 1957 apud
1721 1907 1800 1945 Ro-

301 1985 437 2008 manos
485 1973 681 2009 cantando
727 1973 861 2009 fabula
908 1975 1154 2011 terminatur.
1232 1974 1271 2011 Si
1319 1975 1414 2024 quid
1459 1975 1507 2012 ab
1552 1976 1622 2012 illa
1666 1975 1802 2025 regula

300 2039 559 2076 recedendum
606 2043 683 2086 est,
730 2042 862 2089 potius
909 2043 1084 2078 senarios
1131 2042 1366 2079 crediderim
1419 2044 1570 2079 cantari
1622 2044 1801 2093 potuisse

302 2119 417 2155 quam
450 2108 691 2156 septenarios
723 2122 801 2145 non
834 2110 1006 2155 cantari,
1038 2123 1129 2146 nam
1162 2110 1266 2158 apud
1290 2110 1546 2148 Plutarchum
1580 2111 1627 2148 (le
1650 2112 1801 2148 Musica

303 2176 373 2221 28,
410 2177 430 2211 5
467 2174 520 2224 (p.
558 2174 682 2223 1141)
722 2177 906 2226 legimus:
951 2180 1021 2213 τῶν
1059 2177 1227 2226 ἰαμβείων
1256 2179 1297 2214 τὸ
1328 2180 1463 2227 τὰμὲν
1494 2181 1667 2229 λέγεσθαι
1702 2181 1801 2229 παρὰ

348 2352 380 2396 *)
406 2352 504 2386 Pers.
531 2354 594 2387 471
629 2365 705 2387 non
736 2365 906 2396 numero,
941 2354 1026 2397 quia
1058 2354 1096 2388 in
1128 2355 1206 2389 solo
1238 2355 1365 2389 codice
1396 2356 1427 2389 D
1460 2359 1552 2391 nota
1584 2360 1702 2401 extat,
1741 2358 1799 2392 cui

404 2410 525 2443 minus
551 2410 672 2444 tribuo
700 2411 942 2444 auctoritatis.

324 2466 378 2508 *ἢ
404 2466 499 2500 Men.
528 2468 592 2500 559
618 2467 656 2501 in
682 2467 762 2501 cod.
785 2467 817 2500 D
842 2468 1052 2501 bacchiacae
1079 2479 1196 2502 scenae
1224 2469 1486 2513 superponitur
1504 2470 1582 2513 DV,
1608 2471 1646 2505 in
1666 2470 1692 2505 C
1715 2474 1751 2505 et
1769 2471 1798 2505 B

404 2523 504 2556 nihil.
555 2523 597 2556 In
630 2523 760 2558 Pseud.
794 2526 829 2558 3:
868 2525 895 2558 P
922 2524 1208 2559 PSEVDOLVS
1236 2525 1261 2559 C
1289 2525 1576 2561 CALYDORVS
1608 2528 1744 2561 litterae
1770 2527 1798 2561 P

404 2582 439 2612 ct
465 2578 489 2612 C
516 2591 755 2623 personarum
786 2584 885 2615 notre
921 2586 1021 2624 sunt3
1049 2582 1096 2615 ib.
1123 2583 1204 2616 795:
1232 2582 1410 2617 BALLIO
1436 2583 1567 2617 LENO
1594 2582 1620 2617 C
1647 2583 1797 2618 COCVS

403 2634 532 2669 PVER
557 2636 623 2670 DV
648 2637 775 2671 littera
801 2637 827 2671 C
854 2650 897 2671 ox
923 2639 1177 2683 dittographia
1202 2642 1283 2673 orta
1308 2640 1464 2673 videtur.

403 2692 563 2725 Svuariis
595 2693 724 2736 scripti
758 2697 843 2728 sunt
875 2696 993 2729 exitus
1026 2696 1131 2730 alteri
1158 2695 1309 2729 Andriae
1338 2699 1374 2730 et
1398 2696 1559 2739 Poenuli,
1586 2697 1649 2740 qui
1671 2697 1730 2731 vel
1756 2708 1798 2731 ea

405 2748 448 2781 dc
486 2759 595 2782 causa
634 2750 746 2793 spurii
784 2751 944 2785 habendi
989 2755 1082 2786 sunt.
1133 2753 1236 2785 Alios
1274 2753 1410 2787 cantici
1446 2753 1576 2788 modos
1611 2756 1724 2798 pocta
1759 2754 1797 2787 in

404 2804 586 2837 Pseudolo
613 2808 650 2838 et
674 2806 710 2839 in
739 2806 868 2841 Sticho
902 2809 1084 2852 praetulit,
1116 2821 1202 2843 nam
1234 2810 1379 2844 creticis
1410 2810 1490 2853 illa,
1520 2810 1601 2843 haec
1631 2810 1797 2844 iambicis

406 2861 623 2904 septenariis
649 2863 878 2897 terminatur.

301 2690 375 2733 ***)
