1926 3275
230 290 282 329 42
289 291 311 329 2
890 285 1069 320 Asinaria.

229 417 347 454 ullius
380 415 546 453 membri
578 416 650 453 sui.
699 412 917 465 quicquam
947 418 1036 464 post
1067 412 1169 464 qm‘d
1192 415 1379 463 abundat,
1405 419 1449 453 ut
1472 417 1597 454 multa
1622 418 1729 468 apud

228 485 422 523 Plautum.
469 483 535 521 Fit
564 483 666 520 idem
697 486 787 533 post
819 496 1036 532 pronomen
1066 484 1406 531 interrogativum,
1441 497 1476 522 V.
1504 484 1594 522 Aul.
1624 486 1724 523 801:

234 553 350 600 „Quis
388 566 449 590 me
480 552 644 589 Athenis
683 565 785 588 nunc
823 552 948 600 magis
987 552 1237 601 quisquamst
1274 551 1409 599 homo,
1451 554 1545 601 quoi
1577 552 1617 590 di
1647 554 1726 590 sint

228 619 443 672 propitii‘?“
495 621 615 658 Most.
651 621 750 657 251:
789 619 914 667 „Quid
945 620 1015 657 illa
1045 623 1138 669 pote
1169 621 1283 669 peius
1315 620 1531 669 quidquam
1561 621 1727 658 muliere

229 687 535 727 memorarier‘?“
583 709 633 712 —
667 689 762 729 780.
793 684 862 726 Ra
901 685 1058 726 scilicet
1091 686 1317 738 facturam,
1357 690 1382 726 i.
1416 701 1447 725 e.
1487 689 1585 726 seire
1623 689 1725 736 licet,

229 761 406 808 apparet,
439 758 496 794 ita
527 757 719 794 facturam
750 756 812 793 vel
843 757 896 793 ita
929 757 1058 794 facere
1084 756 1240 794 debere.
1289 753 1452 796 Scilicet
1481 770 1568 794 cum
1601 771 1724 794 accus.

229 841 258 863 6.
293 826 361 863 inf.
394 828 536 876 saepius
568 826 823 874 antiquioreS,
857 828 900 862 ut
921 825 1031 863 Cure.
1052 826 1144 863 263.
1177 825 1318 863 Pseud.
1351 827 1470 863 1177.
1502 825 1603 863 Rud.
1632 826 1725 864 395.

227 895 313 932 Ter.
355 894 495 931 Heaut.
539 895 631 932 358.
680 894 773 931 856.
823 894 916 931 892.
984 894 1030 931 ef.
1083 892 1315 942 „uidelicet“
1367 907 1487 943 supra
1534 895 1625 931 592.
1672 914 1728 918 —

228 964 320 1000 781.
353 959 485 1000 Deme
524 959 647 1010 istuc,
687 963 711 999 1.
747 975 778 999 e.
818 962 914 998 tolle
958 959 1094 1010 (784),
1137 962 1221 999 dele
1262 976 1308 999 ex
1347 961 1582 1012 syngrapha.
1650 961 1728 998 Per

225 1030 478 1081 parenthesin
516 1031 599 1068 haec
636 1031 963 1080 interponuntur,
1006 1031 1272 1068 duriusculam
1310 1030 1496 1077 fortasse,
1530 1030 1599 1067 sed
1630 1043 1727 1079 quo-

225 1099 376 1136 tidiano
408 1100 580 1137 sermoni
612 1099 929 1146 convenientem,
963 1099 1009 1136 cf.
1036 1099 1139 1136 infra
1164 1100 1258 1137 926.
1292 1098 1404 1136 Cure.
1428 1099 1521 1136 367.
1553 1098 1637 1136 Cas.
1659 1099 1724 1135 39.

228 1169 320 1205 732.
355 1169 446 1205 911.
494 1168 653 1204 Terent.
686 1166 785 1204 Eun.
820 1168 914 1204 945.
961 1166 1103 1205 Horat.
1138 1167 1216 1205 Sat.
1250 1168 1306 1215 II,
1344 1168 1384 1214 1,
1419 1168 1491 1204 45:
1537 1167 1636 1214 „Qui
1666 1181 1727 1204 me

226 1237 432 1273 commorit
456 1256 512 1260 —
534 1236 673 1272 melius
704 1249 783 1273 nou
814 1239 988 1285 tangere,
1024 1236 1146 1273 clamo
1171 1257 1226 1261 —
1249 1233 1421 1273 Flebit&
1476 1236 1727 1273 Parenthesis

225 1318 303 1341 non
341 1304 544 1341 intellecta
582 1304 741 1341 inutiles
783 1303 1018 1341 emendandi
1057 1308 1222 1342 conatus
1262 1305 1435 1354 peperit,
1483 1308 1528 1340 ut
1564 1303 1726 1341 Mulleri

230 1373 341 1419 „istie
387 1372 544 1422 quidem
591 1373 697 1409 illam
744 1371 1021 1410 commoueri“.
1062 1393 1117 1397 ——
1159 1374 1252 1410 782.
1293 1369 1409 1411 illam
1446 1368 1616 1420 Ῐιαῦθψθ,
1653 1372 1727 1409 hoc

226 1440 363 1478 ordine
386 1441 537 1478 Nonius
568 1454 606 1490 p.
636 1442 700 1487 45,
734 1441 802 1489 qui
834 1441 938 1490 quod
975 1439 1203 1488 „Votitum“
1241 1442 1295 1478 ait
1331 1445 1503 1488 „veteres
1534 1440 1726 1488 religione

225 1509 357 1559 aliqua
388 1509 628 1558 prohibitum
662 1509 724 1546 vel
756 1509 1010 1547 interdictum
1044 1509 1122 1546 (1161
1152 1507 1401 1556 voluerunt“,
1434 1509 1510 1545 hue
1535 1521 1612 1545 non
1637 1521 1725 1558 per-

224 1579 342 1625 tinet3
389 1578 451 1614 hic
498 1579 599 1614 6111111
646 1591 725 1615 11011
771 1577 962 1626 religione
1010 1578 1077 1615 sed
1119 1578 1350 1628 syngraphae
1391 1577 1522 1614 verbis
1560 1577 1725 1614 vetitum

226 1646 350 1682 videri
375 1647 501 1695 potui.
526 1667 581 1670 —
607 1647 700 1682 783.
735 1643 961 1694 ‹761292‘7‘072853
991 1647 1133 1696 quibus
1156 1646 1209 1693 id,
1237 1646 1342 1695 quod
1365 1647 1405 1682 in
1431 1646 1543 1682 aliam
1572 1648 1725 1682 senten-

223 1717 319 1751 tiam
352 1714 621 1764 imprudenter
653 1714 798 1751 dictum
833 1718 908 1762 est,
944 1716 1136 1764 arripitur
1167 1718 1205 1751 et
1236 1715 1312 1751 alio
1347 1714 1547 1755 detortum
1590 1717 1725 1750 contra

224 1786 424 1820 auctorem
449 1783 504 1829 fit,
532 1783 576 1819 ef.
595 1782 712 1833 Epid.
734 1784 833 1820 690:
865 1782 1003 1830 „Enim
1028 1785 1149 1820 istaec
1175 1783 1305 1833 captio
1332 1780 1431 1819 est“.
1464 1782 1582 1819 Most.
1605 1783 1724 1819 1126.

223 1871 279 1874 —
319 1846 490 1899 Uerum,
524 1864 633 1898 sane,
668 1851 715 1888 cf.
748 1851 851 1888 Men.
889 1853 1008 1890 1003.
1056 1852 1176 1889 Mero.
1213 1852 1305 1888 212.
1355 1851 1460 1888 Poen.
1494 1851 1588 1888 400.
1637 1850 1725 1887 Ter.

224 1918 323 1956 Eun.
359 1919 451 1956 347.
484 1919 626 1958 Heaut.
664 1921 782 1957 1013.
816 1919 890 1956 Ad.
928 1920 1018 1957 543.
1054 1920 1102 1956 al.
1136 1941 1189 1944 —
1223 1921 1316 1957 784.
1352 1916 1524 1967 Tellena,
1557 1932 1592 1956 v.
1619 1918 1725 1955 Prol.

223 2000 260 2035 p.
296 1988 387 2023 215.
435 1987 494 2024 Fl.
529 1988 666 2024 etiam:
706 1986 966 2037 ,.Eloquere“,
999 1989 1065 2024 vix
1096 2001 1265 2025 neeesse.
1300 2008 1354 2012 —-
1386 1989 1479 2024 785.
1503 1984 1726 2036 perplexa-

226 2050 305 2091 hyle
350 2058 455 2092 recte
500 2055 650 2092 Nonius
696 2069 734 2105 p.
780 2057 880 2102 151,
928 2069 1135 2093 enarrans:
1197 2055 1326 2105 „quod
1376 2055 1484 2093 aliud
1529 2055 1724 2102 audiatur,

227 2122 333 2159 aliud
376 2122 609 2160 seiitiatui“‘.
672 2124 718 2160 cf.
752 2123 871 2161 Stich.
908 2125 979 2161 89:
1034 2124 1386 2174 „Perplexabiliter
1431 2137 1567 2160 earum
1612 2123 1727 2160 hodie

224 2192 541 2241 perpauefaeiam
572 2190 773 2241 pectora“.
821 2193 909 2229 Aul.
939 2194 1038 2230 253:
1078 2194 1194 2239 „seio,
1221 2206 1297 2242 quo
1324 2206 1395 2229 uos
1422 2193 1583 2229 soleatis
1606 2195 1726 2242 pacto

511 2258 534 2297 ⁶.
582 2260 668 2296 Ter.
686 2260 788 2297 Eun.
809 2262 909 2298 817:
948 2261 1128 2311 „Pergin,
1157 2262 1333 2308 scelesta,
1359 2275 1511 2298 1116611111
1541 2261 1727 2310 perplexe

223 2258 508 2310 perplexarier‘

223 2326 384 2377 loqui?“
420 2349 473 2353 -—-
507 2329 599 2366 786.
633 2325 779 2377 ZVCQMG
810 2326 926 2367 sciat.
974 2329 1032 2366 Ne
1065 2330 1194 2367 aliena
1224 2330 1360 2378 lingua
1382 2330 1582 2379 loquatur,
1610 2329 1726 2366 etiam

224 2397 371 2432 nescire
410 2396 562 2445 linguas
602 2396 773 2434 iubetur.
814 2418 870 2422 —
909 2399 1002 2436 787.
1037 2394 1178 2436 Forte.
1241 2398 1298 2434 Ne
1344 2411 1481 2435 versus
1520 2411 1542 2434 a
1580 2397 1726 2434 cretico

225 2465 427 2514 inciperet,
448 2465 561 2502 Both.
588 2465 646 2502 Fl.
678 2463 824 2512 „F0rs“
855 2467 1109 2516 scripserunt,
1137 2479 1222 2515 quae
1250 2466 1404 2503 dicendi
1430 2468 1531 2503 ratio
1548 2465 1725 2513 Vergilio

225 2534 386 2581 eiusque
417 2533 684 2570 imitatoribus
717 2534 921 2571 familiaris
954 2538 1023 2582 est,
1057 2548 1150 2572 num
1181 2534 1287 2585 apud
1320 2534 1563 2583 antiquiores
1590 2534 1630 2570 in
1654 2546 1727 2570 usu

226 2601 353 2647 fuerit,
380 2602 597 2648 ignoratur.
625 2622 679 2626 ——
703 2600 764 2639 Sic
788 2602 881 2639 olim
907 2603 1169 2640 emendatum.
1195 2624 1250 2628 —
1276 2604 1368 2640 788.
1395 2602 1586 2651 Linguam
1619 2605 1725 2638 vetat

225 2682 308 2704 eum
338 2669 378 2705 in
410 2669 613 2706 tussiendo
636 2680 858 2718 prstSOrCre
888 2670 949 2707 vel
982 2684 1161 2708 exserere
1195 2669 1256 2719 (ut
1280 2670 1365 2708 Liv.
1384 2670 1468 2716 VII,
1500 2671 1562 2716 10,
1592 2667 1646 2716 5),
1679 2683 1727 2706 ne

224 2737 357 2785 lingua
387 2737 544 2786 prolata
574 2738 757 2774 videatur
788 2738 959 2788 aliquem
987 2738 1035 2775 ad
1061 2738 1294 2776 basiandum
1319 2739 1502 2785 invitare,
1535 2738 1582 2775 cf.
1609 2750 1724 2787 supra

228 2805 320 2841 688.
345 2824 401 2828 ——
426 2806 518 2841 790.
545 2801 637 2842 Hoc
662 2817 712 2842 ote
744 2803 806 2843 Sic
835 2802 974 2853 facias,
1007 2806 1181 2854 linguam
1213 2820 1260 2844 ne
1291 2807 1481 2857 proferat,
1514 2809 1558 2843 ut
1588 2805 1727 2843 fluenti

224 2873 375 2922 pituitae
407 2876 618 2909 succurrat.
668 2873 802 2910 Potius
830 2874 912 2923 ipse
941 2874 1128 2911 labellum
1162 2875 1400 2925 abstergeas,
1435 2887 1553 2924 quam
1583 2877 1627 2911 ut
1656 2874 1726 2911 tali
