1926 3275
322 358 374 394 46
1007 348 1127 382 Plauti
1521 347 1566 390 Π,
1587 349 1618 390 2,
1640 349 1816 381 105-118

915 474 1227 529 Amphitruo

1251 545 1343 595 Quo
1375 544 1532 587 modo?
1681 581 1684 585 ,
1752 546 1820 581 ’730

996 618 1149 660 Sosia

324 695 457 736 Recte
491 694 606 745 dicit,
637 697 685 734 ut
717 692 1010 743 conmeminit3
1043 691 1255 732 somnium
1284 693 1438 730 narrat
1468 688 1560 730 tibi.

325 768 419 818 Sed,
450 767 615 817 mulier,
649 769 880 819 postquam
911 762 1211 817 experrecta's,
1242 766 1285 802 te
1317 761 1551 815 prodigiali
1581 761 1677 802 Ioui

323 839 407 880 Aut
438 839 553 879 mola
583 837 699 879 salsa
728 837 857 878 hodie
889 840 965 877 aut
995 839 1092 876 ture
1125 838 1432 887 comprecatam
1464 833 1667 887 oportuit.

929 907 1218 949 Alcumena

324 968 416 1009 Uae
449 967 581 1021 capiti
611 971 699 1008 tuo.

996 1035 1146 1077 Sosia

721 1110 812 1149 Tua
844 1110 955 1149 istuc
984 1107 1132 1155 refert,
1165 1108 1200 1148 si
1233 1107 1466 1148 curaueris.

932 1179 1216 1220 Alcumena

326 1256 487 1296 Iterum
533 1255 617 1295 iam
663 1254 732 1294 hic
777 1254 821 1294 in
866 1267 932 1293 me
977 1252 1259 1293 inclementer
1304 1250 1427 1299 dicit„
1471 1254 1605 1304 atque
1646 1250 1689 1291 id
1728 1250 1820 1291 sine

1276 1322 1403 1364 malo.
1753 1321 1821 1355 735

617 1453 619 1455 ι
918 1395 1230 1450 Amphitruo

325 1470 437 1510 Tace
461 1473 519 1510 tu.
566 1469 629 1510 Tu
653 1469 739 1510 (11οε
767 1484 901 1523 egone
927 1468 1003 1509 abs
1026 1472 1069 1509 te
1095 1468 1181 1509 abii
1205 1467 1304 1508 hinc
1326 1466 1453 1508 hodie
1480 1480 1575 1507 cum
1601 1466 1820 1508 diluculo?

929 1540 1218 1581 Alcumena

326 1613 429 1663 Quis
460 1614 592 1666 igitur
621 1613 703 1654 nisi
734 1627 810 1654 uos
842 1613 1040 1653 narrauit
1071 1612 1175 1653 mihi
1206 1611 1269 1652 illi
1299 1616 1348 1653 ut
1378 1610 1509 1653 fuerit
1540 1611 1782 1665 proelium?

919 1684 1230 1738 Amphitruo

324 1742 389 1782 An
421 1743 507 1782 iam
537 1741 581 1782 id
613 1746 660 1783 tu
693 1743 808 1784 sois‘?

932 1813 1218 1855 Alcumena

666 1886 831 1939 Quippe
865 1887 936 1940 qui
969 1901 1020 1927 ex
1050 1890 1094 1927 te
1127 1885 1285 1931 audiui,
1316 1888 1365 1925 ut
1395 1884 1545 1925 urbem
1577 1898 1822 1925 maxumam

326 1958 672 2011 Expugnauisses
704 1973 935 2012 regemque
967 1957 1186 1999 Pterelam
1217 1961 1309 1998 tute
1343 1949 1563 1997 occideris.

916 2029 1230 2083 Amphitruo

327 2086 473 2137 Egone
505 2087 616 2127 istuc
649 2086 764 2126 dixi?

932 2158 1219 2200 Alcumena

791 2230 899 2270 Tute
931 2231 1040 2280 istic,
1074 2231 1201 2271 etiam
1235 2233 1407 2270 astante
1440 2228 1521 2268 1100
1553 2227 1687 2268 Sosia.
1755 2232 1822 2264 '⁷40

919 2302 1232 2355 Amphitruo

330 2370 571 2410 Audiuistin
602 2375 649 2412 tu
681 2386 746 2413 me
778 2386 956 2414 narrare
988 2373 1096 2415 haec
1127 2373 1288 2414 hodie?

999 2445 1149 2486 Sosia

1293 2500 1376 2541 Ubi
1408 2514 1485 2553 ego
1518 2497 1790 2539 audiuerim‘?

921 2572 1197 2625 Amphitru
1209 2586 1231 2613 o

332 2625 452 2664 Hanc
483 2640 600 2679 roga.

1002 2700 1151 2739 Sosia

450 2768 515 2807 Mc
548 2769 719 2821 quidem
752 2775 978 2822 praesente
1011 2785 1244 2823 numquam
1275 2770 1494 2821 factumst,
1528 2769 1643 2824 quod
1675 2770 1821 2811 sciam.

423 2923 489 2954 732
514 2926 548 2954 t.··
575 2932 638 2955 om.
735 2924 800 2956 73&
825 2923 882 2956 An
909 2923 1018 2956 ctiam
