1926 3275
262 335 344 372 400
916 330 1095 364 Asinaria.

262 464 301 497 et
331 459 589 509 vectigalibus
612 460 735 497 Asiae:
769 459 809 497 C.
835 458 986 496 Licinio
1017 472 1077 509 pr.
1110 459 1275 509 remiges
1302 459 1438 497 scribti
1465 460 1569 496 ciues
1586 460 1752 497 Romani

261 527 332 564 sub
362 527 631 578 portisculum,
664 527 735 564 sub
759 526 925 574 flagrum
950 527 1161 564 conscribti
1185 528 1344 564 ueniere
1367 525 1554 577 passim“.
1600 527 1752 565 Nonius

261 596 286 632 1.
312 596 357 633 1.;
396 595 661 642 „Portisculus
684 595 844 645 proprie
868 598 928 632 est
950 595 1134 632 hortator
1156 593 1370 645 remigum“
1401 592 1593 642 (minime)
1627 595 1752 642 „idem

261 664 327 713 qui
359 663 519 700 eandem
551 664 740 713 perticam
771 666 899 710 tenet,
933 676 1018 712 quae
1049 663 1286 712 portisculus
1318 663 1475 710 dicitur,
1510 676 1586 713 qua
1617 677 1751 700 excur-

260 745 344 768 sum
376 735 414 768 et
444 730 745 768 exhortamenta
775 731 1013 769 moderatur.
1074 731 1238 769 Plautus
1269 731 1471 769 Asinaria:
1601 731 1664 769 Ad
1693 732 1751 770 lo-

260 799 455 849 quendum
494 803 612 848 atque
653 799 703 836 ad
734 799 939 837 tacendum
973 803 1015 837 tu
1046 803 1090 837 ut
1120 799 1238 837 habes
1268 800 1540 850 portisculum.
1602 800 1752 838 Ennius

259 867 325 904 lib.
344 867 437 904 VIII
453 867 681 904 Annalium:
718 897 724 904 .
746 897 753 904 .
774 897 781 904 .
815 867 1018 914 Parerent,
1046 868 1314 915 obseruarent,
1340 869 1576 918 portisculus
1600 869 1750 918 signum

259 936 354 973 Cum
385 935 479 972 dare
507 936 711 985 coepisset.
759 935 949 973 Laberius
967 935 1152 985 Cythera:
1186 949 1257 974 nec
1280 937 1500 986 palmarum
1522 937 1658 987 pulsus
1682 951 1752 975 nec

258 1002 504 1053 p01¹tisculi“.
529 1024 585 1028 —
612 1005 702 1040 515.
734 1000 855 1053 Quin,
882 1005 905 1041 i.
926 1017 957 1040 e.
989 1006 1108 1053 „quin
1134 1003 1292 1041 etiam“.
1341 1004 1616 1042 Obedientiam
1641 1019 1751 1043 suani

257 1072 448 1122 praedicat
480 1076 518 1109 et
548 1071 703 1109 laudari
738 1086 822 1109 eam
853 1086 875 1109 a
905 1077 1030 1110 matre
1054 1073 1149 1119 vult,
1181 1085 1270 1109 nam
1297 1072 1344 1109 ab
1370 1086 1410 1109 se
1435 1086 1590 1110 omnem
1615 1073 1751 1111 domus

258 1140 424 1177 salutem
454 1140 647 1190 pendere,
679 1141 711 1177 si
742 1141 828 1190 ipsa
858 1142 1036 1190 quiescat
1067 1155 1089 1178 a
1119 1140 1254 1177 labore
1290 1144 1328 1178 et
1366 1153 1542 1189 quaerere
1582 1141 1749 1189 desinat,

258 1222 336 1245 non
368 1208 594 1245 habituram
636 1209 843 1256 familiam,
876 1208 980 1245 unde
1012 1212 1269 1245 sustentetur.
1332 1208 1521 1246 Remanet
1551 1213 1680 1247 autem
1711 1211 1751 1247 in

258 1276 513 1314 similitudine
559 1291 581 1314 a
625 1281 750 1314 matre
790 1278 959 1327 incepta.
1034 1272 1276 1323 ,,Οίι3ΐ6νία“
1329 1278 1384 1314 ait
1420 1277 1574 1314 Nonius
1618 1291 1655 1327 p.
1698 1279 1748 1315 85

261 1345 393 1393 „locus
424 1345 502 1391 ubi,
537 1359 621 1382 cum
654 1346 853 1393 navigatio
888 1345 1140 1394 conquiescit,
1173 1346 1271 1382 remi
1303 1348 1342 1382 et
1371 1345 1633 1395 gubernacula
1659 1360 1749 1384 con-

258 1414 476 1462 quiescunt.
537 1413 699 1450 Plautus
730 1413 914 1450 Asinaria
945 1411 1043 1450 etc.“
1107 1414 1284 1463 Apparet
1322 1426 1408 1450 eum
1441 1415 1571 1451 omnia
1602 1428 1647 1451 ex
1678 1415 1750 1452 hoc

257 1495 333 1518 uno
364 1481 448 1518 loco
481 1481 675 1528 hausisse,
708 1481 810 1518 hunc
841 1484 970 1519 autem
1001 1495 1141 1530 parum
1171 1481 1423 1518 intellexisse.
1480 1482 1617 1531 Neque
1649 1484 1748 1520 enim

257 1550 444 1586 meretrix
468 1563 507 1586 se
533 1563 618 1587 cum
644 1563 763 1597 remo,
789 1550 857 1587 sed
886 1563 971 1587 cum
998 1550 1145 1598 remige
1178 1553 1390 1599 comparat,
1425 1563 1550 1600 neque
1583 1553 1751 1588 casteria

257 1617 365 1654 locus
397 1620 467 1663 est,
500 1617 567 1654 ubi
598 1619 694 1654 remi
725 1621 981 1667 reponuntur,
1015 1618 1083 1654 sed
1113 1617 1181 1655 ubi
1212 1618 1378 1666 remiges
1411 1621 1628 1668 quiescunt,
1662 1620 1686 1656 i.
1715 1633 1746 1657 e.

258 1685 483 1722 tabulatum
529 1686 659 1732 navis,
703 1686 808 1735 quod
846 1686 971 1723 Graeci
1010 1687 1246 1735 κατάστρωμα
1286 1687 1432 1724 dicunt.
1472 1707 1528 1711 -—
1565 1685 1751 1736 ‘repOSiui

259 1755 461 1802 antiquam
493 1753 658 1790 formam
689 1754 726 1791 h.
760 1755 784 1791 l.
819 1756 990 1791 servavit
1012 1754 1056 1802 B,
1083 1754 1298 1804 eademque
1329 1756 1428 1792 latet
1458 1756 1498 1792 in
1530 1756 1752 1805 corruptela

258 1821 375 1857 Nonii
404 1821 664 1870 ‚,repulsaui“.
697 1822 870 1859 Eandem
898 1822 1064 1860 formam
1090 1823 1260 1860 codicem
1279 1823 1309 1860 B
1333 1837 1490 1860 servare
1509 1823 1636 1861 Casin.
1656 1825 1749 1861 795.

257 1889 398 1926 Pseud.
435 1891 553 1927 1279.
615 1890 721 1928 Trin.
767 1892 856 1927 145.
919 1891 1075 1928 Trucul.
1117 1892 1196 1927 457
1244 1891 1525 1928 animadvertit
1569 1891 1749 1938 Ritschl.‚

257 1957 432 1993 Monum.
466 1958 668 2008 epigraph.
702 1959 780 1995 tria
810 1972 846 2008 p.
884 1961 918 1996 5.
980 1958 1101 1996 Extat
1140 1960 1181 1995 in
1212 1959 1537 2008 inscriptionibus
1570 1959 1609 1997 C.
1642 1959 1671 1996 I.
1704 1959 1748 1996 L.

257 2025 285 2070 Ι,
320 2039 355 2061 n.
387 2026 476 2062 199.
513 2027 604 2062 551.
642 2028 760 2063 1009.
799 2029 916 2064 1284.
944 2048 997 2051 -
1026 2023 1171 2065 Omnis
1197 2023 1386 2075 familiae
1411 2036 1534 2064 causa
1562 2024 1751 2065 consistit

260 2090 343 2140 tibi,
377 2093 400 2128 i.
429 2107 459 2129 e.
493 2094 619 2130 victus
646 2098 781 2141 cessat,
811 2095 960 2131 reditus
985 2095 1058 2132 tibi
1082 2108 1159 2132 non
1186 2095 1354 2144 amplius
1378 2094 1516 2131 fluunt.
1537 2115 1588 2119 >—-
1606 2094 1750 2132 Versus

259 2162 449 2197 515—16
483 2161 732 2209 Fleckeisen,
768 2163 883 2199 credo
916 2164 1009 2212 quia
1038 2176 1177 2213 parum
1210 2166 1301 2212 apte
1333 2163 1367 2199 ei
1400 2176 1485 2200 cum
1517 2162 1748 2200 anteceden-

254 2228 361 2281 tibus
394 2229 503 2276 iungi
535 2229 778 2277 videbantur,
812 2243 880 2267 suo
911 2231 996 2268 loco
1028 2234 1157 2268 motos
1189 2234 1278 2280 post
1305 2232 1382 2268 508
1408 2231 1560 2280 posuit,
1592 2231 1660 2268 sed
1684 2232 1748 2268 vix

256 2300 362 2333 recte
401 2296 485 2333 fieri
522 2300 671 2346 potest,
712 2301 756 2335 ut
788 2312 809 2335 a
838 2313 874 2336 v.
910 2300 1007 2346 514,
1048 2299 1113 2336 ubi
1153 2299 1394 2349 portisculus
1425 2300 1595 2348 primum
1626 2300 1747 2337 nomi-

256 2368 382 2410 natur,
417 2364 663 2402 divellantur.

371 2433 462 2469 518.
499 2430 621 2470 notui.
683 2434 895 2484 Antiquam
937 2434 1046 2471 verbi
1083 2434 1247 2472 formam
1279 2434 1362 2472 cod.
1398 2435 1427 2471 B
1459 2434 1549 2472 inde
1581 2435 1628 2471 ab
1660 2435 1747 2472 Asi-

256 2500 365 2535 naria
397 2504 622 2538 constanter
661 2506 802 2538 servat.
836 2522 889 2526 —-
924 2503 1014 2539 519.
1049 2498 1308 2551 Gouloqzcz'uc,
1341 2503 1364 2539 i.
1399 2516 1429 2539 e.
1464 2506 1532 2539 aut
1563 2503 1745 2552 colloqui,

256 2568 301 2602 cf.
335 2567 516 2616 I'ropert.
551 2569 606 2615 II,
645 2571 684 2615 1,
719 2572 791 2606 23:
845 2570 955 2615 „Non
1002 2584 1071 2619 ego
1110 2571 1269 2607 Titanas
1316 2583 1513 2617 canerem,
1549 2600 1555 2607 .
1584 2600 1590 2607 .
1620 2600 1626 2607 .
1660 2571 1746 2608 Non

255 2638 408 2671 veteres
440 2635 591 2672 Thebas
624 2650 693 2673 nec
720 2637 910 2685 Pergama
943 2667 949 2674 .
978 2667 984 2674 .
1014 2668 1020 2674 .
1054 2638 1237 2688 Regnave
1267 2639 1395 2688 prima
1424 2637 1535 2674 Remi
1568 2641 1635 2675 aut
1666 2639 1744 2675 ani-

255 2714 336 2737 mos
368 2702 615 2750 Carthaginis
648 2702 774 2740 altae&
807 2724 862 2730 —
895 2706 986 2742 520.
1019 2702 1089 2743 An
1124 2706 1166 2743 tu
1199 2702 1284 2743 tibi.
1336 2705 1478 2742 Versus
1518 2719 1636 2743 causa
1677 2710 1744 2743 aut

256 2780 311 2805 (m
350 2773 416 2805 aut
455 2769 495 2806 tea
534 2770 751 2807 tollendum
792 2772 962 2809 videtur.
1003 2793 1058 2797 ——
1097 2771 1203 2812 dicta
1243 2771 1381 2820 docta,
1422 2772 1468 2810 cf.
1502 2773 1608 2810 Trin.
1644 2775 1742 2811 380:

259 2836 410 2882 „Multa
442 2851 509 2886 ego
541 2851 699 2887 possum
731 2838 847 2875 docta
879 2839 982 2876 dicta
1014 2844 1052 2877 ct
1084 2843 1263 2890 quamuis
1301 2841 1467 2879 facunde
1508 2840 1658 2890 loqui“.
1690 2862 1745 2866 ——

258 2905 349 2940 5223.
384 2914 450 2941 000·
489 2905 661 2942 abundat
700 2911 788 2955 post
830 2903 942 2956 illos,
983 2908 1028 2945 cf.
1062 2908 1201 2946 Bacch.
1237 2910 1335 2947 383:
1384 2909 1568 2956 „Homini
1607 2910 1743 2956 amico,
