1926 3275
844 292 886 326 v.
912 293 1104 328 249—264.
1645 298 1725 339 375

217 419 395 469 undique
427 419 642 468 addixisse,
675 424 719 458 ut
749 422 790 458 111
822 435 1096 471 quamcunque
1135 426 1292 472 partem
1331 436 1372 460 se
1407 423 1585 460 conferre
1616 425 1723 472 velit,

213 488 452 537 permittere
489 488 710 527 videantur.
774 486 1019 536 (admittunt
1048 491 1126 527 iam
1157 491 1198 527 in
1229 490 1342 528 codd.
1376 488 1482 537 em.).
1542 492 1723 540 Augures

218 554 317 592 alias
350 568 441 591 aves
472 555 521 591 ab
552 556 630 593 alia
659 559 772 606 parte
803 560 1039 606 apparentes
1070 556 1202 595 fausta
1237 559 1369 595 omina
1399 558 1576 608 praebere
1609 560 1724 598 doce-

218 621 325 670 bant,
357 623 565 673 plerasque
598 623 646 661 ab
678 624 793 670 laeva,
826 624 1003 662 infelices
1035 625 1084 662 ab
1117 625 1270 672 dextra,
1303 625 1382 663 vid.
1416 626 1494 665 Cic.
1526 627 1659 665 Divin.
1692 628 1722 676 I,

220 691 292 737 39,
328 692 400 728 85:
452 704 545 738 „cur
577 705 599 728 a
631 691 769 729 dextra
799 705 957 739 corvus,
991 706 1014 730 a
1045 694 1207 730 sinistra
1238 695 1374 730 cornix
1404 694 1522 732 faciat
1551 694 1721 733 ratum“.

216 758 347 796 Plaut.
380 759 469 796 Aul.
505 760 603 796 614:
657 760 771 806 „Non
816 764 964 797 temere
1010 764 1086 807 est,
1131 761 1236 810 quod
1275 775 1412 799 coruos
1453 766 1588 800 cantat
1627 764 1724 800 mihi

216 840 322 864 1111110
352 827 400 864 ab
432 827 546 864 laeua
576 826 734 865 manu“.
791 827 849 864 De
878 838 1009 877 parra
1040 842 1076 866 v.
1109 829 1204 866 Hor.
1235 829 1306 866 Od.
1339 830 1408 877 III,
1443 832 1507 877 27,
1545 832 1584 868 1:
1623 832 1722 878 „Im-

215 895 307 944 pios
353 907 481 944 parrae
527 896 742 932 recinentis
790 908 904 933 omen
951 895 1108 934 ducat“.
1180 896 1362 934 Ceterum
1402 898 1440 934 h.
1478 912 1515 936 v.
1554 899 1724 937 secunda

215 961 373 999 demum
413 959 475 1010 (ut
512 962 669 1000 videtur
707 962 942 1011 Camerarii)
989 978 1108 1002 manu
1146 965 1185 1001 in
1224 965 1307 1002 cod.
1339 966 1370 1002 B
1410 967 1603 1016 scriptum
1642 972 1721 1013 est,

213 1030 346 1067 fuerat
383 1040 541 1079 porro,·
587 1031 898 1069 emendationem
943 1031 1152 1080 flagitabat
1196 1033 1364 1082 pluralis
1404 1047 1588 1071 numerus
1630 1045 1723 1073 6022.-

211 1095 408 1136 suadent.
469 1098 515 1135 In
551 1100 686 1148 priore
726 1113 864 1137 versus
901 1104 1015 1150 parte
1054 1113 1140 1138 voc.
1181 1100 1243 1138 est
1280 1114 1354 1138 om.
1388 1102 1466 1148 Fi,
1508 1106 1627 1140 recte.
1667 1123 1723 1128 -—

212 1166 311 1203 260.
344 1165 508 1203 Versum
546 1166 650 1204 hunc
690 1181 776 1204 cum
809 1169 888 1205 262
929 1168 1044 1205 affert
1074 1168 1225 1205 Nonius
1256 1182 1296 1219 p.
1330 1170 1410 1206 414
1451 1171 1595 1208 omisso
1636 1184 1721 1209 voc.

218 1231 341 1281 „hoo“
385 1237 425 1271 et
463 1230 576 1272 hccucl
611 1247 682 1284 pro
720 1245 803 1272 uon
841 1236 1014 1285 scripto,
1057 1236 1163 1285 quod
1202 1250 1271 1273 cur
1302 1237 1580 1287 praeferamus,
1613 1239 1723 1276 nulla

211 1315 333 1339 causa
364 1306 434 1339 est.
498 1299 599 1340 Non
640 1301 904 1341 temerariam
943 1304 1006 1341 est
1043 1305 1188 1352 legitur
1223 1307 1342 1342 etiam
1372 1305 1461 1342 Aul.
1498 1307 1596 1352 1793
1629 1306 1723 1343 alibi

213 1380 297 1407 uon
330 1370 477 1408 temere
508 1370 578 1417 6315,
611 1374 656 1408 ut
679 1371 769 1408 Aul.
799 1372 892 1408 614.
926 1372 1014 1409 Ter.
1040 1371 1141 1409 Eun.
1169 1374 1261 1411 291.
1295 1373 1436 1410 Heaut.
1465 1374 1559 1411 620.
1609 1374 1721 1420 Quod

211 1439 326 1489 picus
357 1438 506 1476 ulmum
537 1438 682 1486 tundit,
716 1441 810 1488 quia
841 1452 888 1476 ex
919 1439 1023 1476 ulmo
1056 1440 1174 1490 virgae
1199 1440 1350 1478 fiebant
1383 1440 1435 1489 (v.
1464 1443 1556 1481 338.
1592 1440 1718 1489 360),

212 1510 393 1553 veretur,
433 1520 481 1543 ne
520 1506 594 1544 hoc
634 1508 763 1544 omine
810 1509 929 1557 virgae
969 1507 1251 1557 significentur.
1292 1529 1348 1534 —
1388 1510 1482 1547 261.
1516 1509 1638 1548 Codd.
1671 1520 1722 1548 ea)

213 1572 390 1624 ίιῑιῃιινίο
415 1571 604 1623 (auspicii.
654 1574 850 1612 Camerar.
877 1579 916 1613 et
938 1577 1200 1625 posteriores:
1230 1576 1557 1627 „auspicioque“;
1583 1592 1721 1616 verum

213 1644 365 1680 invenit
381 1642 578 1690 Gertzius,
602 1656 693 1680 nam
718 1641 806 1681 eius
820 1641 909 1692 pici
933 1644 1185 1681 scribendum
1211 1648 1281 1682 est.
1323 1645 1369 1682 In
1394 1645 1550 1683 diteresi
1574 1646 1720 1685 hiatur.

210 1731 269 1736 ——
301 1712 394 1749 262.
426 1708 474 1749 in
504 1708 671 1758 mundo,
705 1713 730 1749 i.
765 1725 795 1748 e.
829 1715 991 1761 paratae,
1026 1712 1073 1749 cf.
1109 1713 1202 1749 314.
1235 1712 1322 1750 Cas.
1353 1714 1445 1750 542.
1477 1713 1594 1762 Epid.
1626 1715 1718 1751 609.

212 1779 318 1817 Poen.
354 1780 447 1817 786.
481 1780 588 1817 Ρο1·5.
624 1781 688 1817 46.
723 1779 844 1817 Stich.
879 1781 972 1817 477.
1031 1779 1233 1817 Charisius
1264 1794 1303 1830 p.
1340 1782 1436 1819 180:
1475 1781 1544 1827 „In
1574 1781 1718 1818 mundo

211 1861 285 1898 pro
313 1848 447 1898 palam
479 1851 518 1885 et
549 1849 589 1884 in
623 1848 808 1898 expedito
840 1862 884 1885 ac
916 1850 1008 1894 cito,
1042 1848 1206 1885 Plautus
1237 1849 1277 1885 in
1309 1844 1373 1866 *ἧς*
1405 1849 1504 1895 Quia
1535 1850 1716 1895 sciebam,

212 1916 352 1965 inquit,
385 1917 437 1952 mi
468 1917 679 1966 pistrinum
712 1917 752 1953 111
783 1916 928 1953 1111111(10
961 1914 1086 1962 fore“,
1121 1930 1206 1965 quae
1227 1916 1375 1954 Ritsch.
1401 1917 1451 1954 ad
1476 1917 1615 1954 Pseud.
1636 1918 1715 1954 400

209 1985 413 2035 pertinere
453 1985 674 2033 suspicatus
714 1987 785 2021 est.
819 2004 875 2009 —
904 1980 1140 2033 Alsiensis,
1175 1986 1243 2035 qui
1274 1986 1418 2022 atrium
1451 1989 1581 2021 servat
1622 1983 1716 2032 (vid.

211 2052 361 2089 Poenul.
399 2050 543 2100 1287),
588 2053 689 2090 atrio
730 2054 968 2102 praepositus
1001 2057 1120 2103 atque
1153 2053 1250 2090 adeo
1282 2054 1406 2091 totius
1438 2052 1574 2090 doinus
1607 2053 1718 2102 quasi

210 2123 452 2170 procurator
483 2121 662 2169 quidam,
696 2121 758 2158 vel
790 2122 884 2170 quia
915 2122 1059 2158 atrium
1089 2122 1290 2170 praecipua
1320 2135 1413 2171 pars
1444 2120 1587 2158 aedium
1621 2125 1716 2167 erat,

211 2189 276 2225 vel
307 2189 399 2238 quia
430 2189 484 2226 ibi
515 2189 556 2225 in
588 2189 767 2226 armariis
800 2192 838 2225 et
870 2189 980 2235 arcis,
1014 2190 1046 2226 si
1079 2190 1238 2238 quidem
1270 2189 1449 2239 exempla
1478 2189 1718 2238 Pompeiana

210 2258 428 2294 communis
469 2258 590 2294 moris
623 2257 862 2294 documenta
893 2260 1002 2303 sunt,
1036 2259 1204 2306 pecunia
1236 2261 1275 2293 et
1304 2257 1482 2306 pretiosa
1513 2270 1606 2293 vasa
1637 2270 1716 2293 ser-

210 2325 419 2362 vabantur.
482 2324 537 2363 Cf.
570 2324 711 2362 Pseud.
747 2326 845 2362 613:
899 2325 1079 2372 „Condus
1124 2338 1285 2374 promus
1332 2338 1435 2370 sum,
1482 2328 1717 2373 procurator

210 2393 316 2442 peni.
378 2392 426 2430 H.
467 2392 585 2439 Quasi
616 2396 655 2430 te
686 2393 792 2431 dicas
825 2394 1047 2430 atriensem.
1110 2393 1150 2430 P.
1192 2393 1314 2429 Immo
1346 2392 1510 2428 atriensi
1542 2405 1612 2441 ego
1645 2393 1715 2428 im-

210 2458 349 2510 per0“.
395 2460 522 2498 Casin.
557 2462 651 2498 439.
693 2461 771 2499 Cic.
800 2461 940 2498 Parad.
977 2464 1011 2508 5,
1047 2463 1082 2508 2,
1119 2462 1190 2498 38ε
1228 2460 1292 2507 „Si
1325 2459 1367 2496 L.
1401 2459 1613 2497 Mummius
1645 2460 1715 2496 ali-

210 2541 329 2577 quem
359 2529 528 2566 istorum
560 2529 713 2567 videret
743 2530 1006 2566 matellionem
1041 2529 1287 2567 Corinthium
1329 2527 1581 2577 cupidissime
1613 2531 1715 2566 trac-

208 2599 373 2643 tantem,
407 2610 526 2646 quum
558 2598 641 2646 ipse
675 2601 800 2634 totam
832 2597 1061 2635 Corinthum
1094 2598 1407 2646 contempsisset,
1442 2600 1573 2633 utrum
1605 2595 1715 2632 illum

211 2665 336 2702 civem
353 2665 609 2702 excellentem
626 2679 674 2702 an
693 2667 903 2702 atriensem
922 2665 1147 2715 diligentem
1164 2663 1378 2714 putaret‘?“
1403 2684 1458 2688 —
1476 2665 1568 2701 264.
1589 2664 1715 2710 Quum

210 2732 414 2770 festinatio
433 2732 620 2770 Leonidae
648 2747 736 2770 011111
761 2734 853 2770 11ον1
878 2733 1029 2783 aliquid
1055 2734 1196 2770 afferre
1228 2732 1386 2779 indicet,
1419 2736 1585 2782 propter
1617 2732 1715 2768 illud

212 2813 327 2837 omen
358 2801 498 2838 timore
523 2801 707 2838 afficitur.
758 2801 921 2838 Versum
949 2802 1060 2839 affert
1076 2801 1225 2838 Nonius
1252 2815 1290 2851 p.
1322 2802 1397 2838 145
1425 2814 1501 2849 sq.:
1540 2795 1714 2846 „Oh-scc-

211 2865 349 2915 ucmit,
391 2869 504 2918 quasi
542 2882 694 2906 scevam
735 2867 837 2916 (cod.
870 2868 1042 2916 sec-vum)
1085 2870 1230 2906 malum
1271 2882 1384 2906 omen
1423 2868 1569 2905 obtulit
1612 2866 1713 2915 (cod.
