1926 3275
212 322 237 358 4
243 320 295 358 34
871 314 1053 348 Asinaria.

213 444 385 490 addidit3
417 443 534 480 Both.
565 446 719 493 transp.
757 442 847 492 „pol
879 439 1093 479 omnium“.
1117 460 1174 466 —
1198 442 1292 479 914.
1317 436 1380 479 At
1409 439 1554 488 etiam;
1583 440 1713 488 indig-

213 515 347 558 natur,
382 511 488 561 quod
525 510 700 547 nondum
740 510 925 547 surrexit.
956 529 1012 535 —
1044 505 1233 556 cuculus,
1266 510 1395 550 κόκκυξ
1427 506 1538 556 (Hor.
1570 507 1651 545 Sat.
1683 508 1713 555 I,

215 580 250 626 7,
286 576 355 626 31)
404 579 495 628 quia
539 578 703 615 aliarum
750 578 880 614 avium
917 577 1031 614 nidos
1069 577 1300 626 frequentat
1343 576 1479 626 ibique
1526 588 1601 613 ova
1645 589 1716 613 sua

213 647 326 697 ponit
358 644 540 693 (Aristot.
565 645 668 682 Hist.
696 646 814 682 anim.
842 645 908 692 VI,
943 646 980 692 7,
1015 642 1068 692 2),
1104 658 1190 682 cum
1222 658 1267 681 eo
1302 646 1583 694 comparantur
1613 645 1714 680 eius-

215 728 290 764 que
327 715 484 751 nomine
524 713 794 762 appellantur,
835 713 902 761 qui
939 725 1061 761 vagos
1101 725 1255 750 amores
1296 715 1516 758 sectantur,
1548 725 1585 749 v.
1619 711 1714 748 925.

213 781 354 819 Pseud.
389 782 453 818 96.
499 781 607 818 Pers.
641 781 735 818 283.
776 780 884 818 Trin.
918 781 1012 817 245.
1043 800 1100 806 —
1133 781 1227 818 915.
1268 775 1379 818 Uera
1409 775 1629 826 lzariolare,
1661 791 1714 815 sc,

215 863 272 887 vae
304 849 378 886 tibi
408 849 510 895 fore,
548 848 810 886 infortunium
839 847 914 884 tibi
943 848 1168 895 imininere3
1205 861 1242 885 v.
1277 848 1370 885 314.
1400 867 1458 872 -—
1490 847 1584 884 916.
1607 856 1716 895 pau·

216 914 346 955 helima
382 919 529 966 praeter
558 916 590 953 B
629 919 719 953 cett.
760 915 873 952 codd.
913 935 970 940 ——
1008 917 1102 953 917.
1135 912 1228 954 Iam
1267 915 1363 964 quid
1408 913 1604 962 significet
1649 916 1719 951 aut

217 984 414 1034 quomodo
452 984 547 1020 ferri
583 985 729 1033 possit,
769 996 849 1020 non
886 983 1022 1030 video,
1061 996 1133 1020 nec
1169 987 1320 1030 tamen,
1353 982 1458 1020 unde
1496 983 1716 1032 irrepserit,

218 1053 364 1089 divino.
403 1072 458 1076 ——
498 1052 591 1089 919.
623 1047 818 1099 foetetue,
864 1054 910 1088 ut
957 1051 1111 1088 dixerat
1147 1064 1184 1088 v.
1218 1051 1313 1088 885.
1351 1070 1407 1075 —
1449 1051 1543 1088 920.
1582 1045 1718 1088 subri-

209 1117 350 1169 puisti
375 1116 555 1168 pallam,
588 1122 633 1156 ut
662 1120 904 1169 promiserat
933 1133 970 1156 v.
1005 1120 1083 1157 875
1118 1132 1176 1167 sq.
1207 1138 1265 1144 —
1295 1119 1390 1156 921.
1421 1114 1604 1156 Ecastor
1634 1115 1717 1166 qui,

217 1188 294 1225 vid.
329 1188 377 1224 ad
407 1187 550 1236 Amph.
584 1188 678 1223 769.
732 1186 845 1224 Hunc
875 1200 1043 1233 versum,
1077 1187 1145 1235 qui
1174 1186 1215 1222 in
1246 1186 1358 1223 codd.
1389 1186 1615 1235 Argyrippo
1646 1186 1719 1222 tri-

217 1255 364 1301 buitur,
389 1255 632 1291 recentiores
656 1254 826 1291 editores
842 1255 1035 1292 Philaenio
1060 1254 1341 1301 restituerunt,
1365 1256 1484 1300 recte,
1509 1254 1542 1290 si
1559 1252 1719 1303 quidem

219 1336 266 1359 ex
291 1322 419 1360 Gellio
446 1322 514 1367 XI,
549 1323 570 1359 6
604 1325 779 1358 constat:
818 1335 1039 1371 „nusquam
1073 1322 1179 1371 apud
1210 1322 1375 1359 idoneos
1408 1321 1567 1370 quidem
1597 1321 1719 1369 scrip-

218 1394 323 1427 tores
362 1393 431 1427 aut
468 1386 664 1427 mehercle
702 1390 887 1427 feminam
925 1389 1054 1427 dicere
1100 1392 1169 1426 aut
1213 1388 1416 1427 mecastor
1455 1382 1624 1426 virum“.
1663 1407 1720 1414 —

221 1459 313 1495 922.
346 1454 439 1507 Eyo
471 1453 789 1505 (lissuaclebcmw
819 1459 860 1494 in
890 1457 964 1494 hac
995 1457 1153 1506 quidem
1184 1456 1318 1493 fabula
1348 1457 1424 1494 hoc
1453 1470 1533 1494 non
1556 1455 1618 1503 fit;
1652 1456 1721 1494 sed

220 1526 251 1562 si
282 1526 472 1562 mentitur
502 1525 591 1561 talis
622 1524 738 1572 filius,
772 1539 850 1562 non
883 1528 944 1562 est
974 1525 1135 1571 mirum3
1168 1524 1214 1562 cf.
1248 1525 1340 1562 929.
1371 1544 1427 1548 —
1460 1525 1554 1562 923.
1585 1534 1721 1562 mores

220 1592 281 1629 est
312 1593 439 1639 codd,
473 1606 516 1629 ac
547 1595 681 1641 potest
711 1593 790 1640 legi
827 1590 1043 1640 „morest“;
1075 1591 1145 1629 sed
1175 1592 1428 1632 verisimilius
1460 1595 1529 1639 est,
1556 1592 1720 1629 verbum

222 1660 513 1697 substantivum
549 1659 671 1696 deleri
704 1660 861 1698 debere.
921 1660 981 1698 Fl.
1014 1663 1164 1709 transp.
1202 1663 1434 1709 „aequomst
1464 1658 1632 1698 mores“.
1664 1680 1721 1685 -—

223 1725 425 1777 hwyirz'er,
450 1726 619 1764 tradere.
646 1749 701 1753 —
725 1730 820 1766 924.
847 1724 1018 1766 Nihilne
1050 1727 1087 1765 te
1114 1725 1256 1776 pudet,
1289 1728 1314 1764 i.
1341 1741 1372 1764 e.
1398 1727 1507 1764 nullo
1533 1727 1650 1764 modo
1681 1730 1722 1764 te

221 1794 357 1844 pudet,
390 1795 436 1832 cf.
461 1794 577 1833 Most.
600 1796 726 1833 1156:
764 1796 897 1843 „Nihil
921 1793 1077 1845 opust“.
1123 1795 1209 1832 Mil.
1233 1796 1359 1833 1001:
1397 1795 1531 1842 „Hanc
1562 1795 1723 1845 quidem

221 1862 287 1899 Nil
325 1865 368 1899 tu
407 1860 609 1900 amassis“.
676 1864 800 1900 1423:
854 1863 976 1910 „nihil
1008 1861 1253 1900 cessarunt“.
1316 1863 1416 1900 879:
1469 1863 1592 1909 „nihil
1623 1863 1722 1900 clam

223 1927 321 1967 est“.
370 1929 491 1967 Stich.
511 1931 610 1967 497:
650 1930 777 1976 „Perii
808 1931 939 1968 hercle
970 1944 1065 1967 uero
1096 1931 1223 1979 plane,
1251 1930 1351 1967 nihil
1374 1928 1584 1968 obnoxie“.
1631 1930 1721 1968 Ter.

222 1996 322 2033 Eun.
357 1998 456 2034 273:
509 1998 659 2044 „tristis
698 2011 751 2035 es.
797 1999 877 2035 PA.
910 1998 1021 2035 Nihil
1062 1997 1262 2047 quidem“.
1303 1998 1352 2035 al.
1384 2018 1441 2022 —
1470 1997 1721 2035 Demaenetus

222 2064 454 2113 respondet,
495 2065 527 2101 si
566 2065 664 2102 nihil
702 2066 810 2103 aliud
848 2067 919 2112 sit,
962 2066 1068 2115 quod
1107 2079 1148 2102 se
1186 2066 1355 2115 pudeat,
1399 2069 1438 2102 at
1476 2067 1612 2103 uxoris
1655 2066 1721 2103 ad-

222 2134 396 2179 spectum
434 2131 628 2181 pudorem
668 2133 743 2170 sibi
780 2146 950 2170 movere.
1013 2130 1074 2170 tm·
1112 2136 1151 2170 et
1189 2133 1221 2169 B
1260 2146 1334 2170 seo.
1374 2146 1423 2170 m.
1464 2137 1504 2170 et
1542 2136 1634 2171 cett.
1666 2153 1722 2158 ——

224 2199 316 2235 925.
343 2198 440 2236 Post
471 2198 698 2245 „cuculum“
725 2201 855 2238 hiatus
877 2202 918 2237 in
943 2213 1108 2246 caesura,
1141 2200 1305 2237 Muller:
1345 2199 1642 2247 ,‚cuculumne“.
1665 2220 1723 2226 -—

223 2267 316 2303 926.
350 2277 448 2304 cena
479 2265 681 2315 coquitur,
712 2268 970 2318 parenthesis,
1004 2268 1051 2306 cf.
1079 2269 1172 2305 781.
1203 2287 1260 2294 ·--
1292 2269 1386 2306 927.
1419 2268 1456 2306 te
1487 2272 1577 2306 ante
1612 2268 1721 2318 „dig-

221 2347 313 2370 num
338 2333 419 2370 est“
456 2334 545 2372 add.
572 2335 725 2384 antiqui
751 2335 859 2382 edd.;
889 2336 1004 2374 Both.
1036 2336 1096 2373 Fl.
1135 2339 1203 2382 „ut
1234 2336 1374 2385 dignus
1406 2334 1471 2373 es“
1507 2336 1720 2373 malebant.

221 2421 276 2425 —-
308 2403 401 2439 928.
435 2398 552 2439 Ilffale
590 2400 883 2451 cubandumst,
926 2403 972 2440 cf.
1005 2403 1124 2440 Most.
1160 2405 1239 2441 688
1279 2417 1357 2453 sq.:
1403 2404 1503 2450 „Res
1540 2406 1722 2454 paratast

221 2469 323 2504 mala
352 2471 392 2505 in
423 2483 631 2519 uesperum
663 2470 752 2506 huic
783 2473 879 2517 seni,
911 2471 1012 2507 Nam
1045 2475 1084 2507 et
1111 2471 1326 2508 cenandum
1353 2474 1393 2508 et
1416 2471 1638 2508 cubandum
1662 2474 1722 2508 est

221 2534 361 2572 male“.
394 2556 450 2561 ——
479 2536 644 2574 Versum
685 2537 800 2574 affert
837 2538 989 2575 Nonius
1029 2552 1067 2588 p.
1112 2540 1210 2586 128,
1257 2539 1326 2575 ubi
1372 2538 1485 2576 codd.
1537 2537 1718 2585 „ducit“;

222 2599 384 2641 abducit
415 2604 663 2641 scribendum
695 2618 777 2642 esse
807 2605 910 2642 vidit
932 2605 1081 2643 Douza.
1130 2604 1370 2654 iudicatum,
1402 2607 1442 2642 in
1473 2605 1617 2643 iudicio
1650 2605 1720 2643 ad-

221 2669 379 2716 dictum,
413 2671 459 2707 cf.
493 2671 571 2708 Cic.
599 2671 706 2709 Orat.
740 2672 790 2720 II,
824 2673 888 2720 63,
922 2674 1024 2711 255:
1061 2673 1303 2720 „iudicatum
1335 2673 1424 2710 duci
1454 2671 1632 2711 Videns“.
1664 2693 1720 2698 —

223 2737 316 2774 930.
347 2737 427 2773 Iam
453 2737 702 2775 Demaenetus
725 2741 909 2787 surrexit,
934 2744 979 2777 ut
1001 2754 1166 2778 uxorem
1197 2743 1396 2790 sequatur,
1431 2740 1500 2778 sed
1530 2741 1720 2778 meretrix

221 2804 339 2841 ctiam
379 2805 590 2842 abeuntem
631 2806 769 2843 acerbe
809 2807 978 2844 irridens
1015 2809 1302 2858 promissorum
1339 2808 1563 2845 meminisse
1594 2807 1717 2855 iubet,

220 2871 252 2907 is
299 2874 427 2908 autem
466 2872 590 2910 fracto
631 2874 760 2911 animo
800 2887 961 2911 uxorem
1007 2878 1111 2922 orat,
1158 2878 1203 2912 ut
1240 2876 1488 2913 meretricem
1526 2876 1604 2912 iam
1643 2875 1719 2912 sibi
