1926 3275
198 258 220 296 3
227 258 278 296 58
857 248 1038 282 Asinaria.

197 396 284 419 cum
316 381 515 430 Scaligero
555 376 862 428 Obsequem‘lccm
902 376 1166 415 scribendum.
1228 375 1419 412 Luchsius
1461 375 1622 425 quidem
1660 376 1702 412 in

197 449 457 487 Studemundi
489 447 641 485 Studiis
674 447 723 484 acl
752 447 904 496 priscos
936 445 1148 494 scriptores
1180 443 1366 490 Latinos,
1398 443 1435 489 I,
1468 456 1507 492 p.
1543 433 1613 490 56,
1647 443 1701 480 sic

197 519 330 568 potius
382 518 510 554 locum
564 514 832 564 refingendum
887 515 1036 550 censet:
1097 511 1264 559 „Omnes
1308 514 1514 561 parentes,
1563 511 1702 560 quiqui

198 585 477 623 auscultabunt
516 584 630 630 mihi,
671 583 758 620 Suis
797 581 1066 630 obsequellam
1106 580 1271 626 facient,
1311 579 1482 626 Libane,
1522 577 1700 625 liberis“,

197 656 300 691 iusto
340 654 541 699 licentius3
582 665 674 689 nam
708 650 815 701 quod
846 653 1021 695 veretur,
1063 661 1131 694 ne,
1171 650 1217 684 ut
1255 648 1459 684 sententiae
1499 647 1703 697 dispositae

198 726 307 769 sunt,
339 721 588 758 enuntiatum
619 720 831 756 relativum
863 717 996 766 potius
1029 716 1079 753 ad
1108 715 1254 752 liberos
1288 729 1404 765 quam
1436 715 1486 752 ad
1516 718 1703 765 parentes

198 790 414 835 referatur,
458 789 600 825 similia
638 788 782 837 saepius
823 786 994 822 inveniri
1025 797 1167 835 parum
1197 797 1348 821 memor
1377 784 1470 830 fuit,
1505 783 1553 820 cf.
1585 782 1702 832 Epid.

200 860 279 895 258
313 871 391 906 sq.:
440 856 543 903 „Uos
582 857 739 906 priores
781 868 864 891 esse
904 856 1081 904 oportet,
1114 865 1184 888 nos
1215 854 1413 901 posterius
1445 851 1595 898 dicere,
1629 850 1705 896 Qui

198 927 287 976 plus
319 923 500 975 sapitis-⁶².
564 925 664 961 291:
703 922 812 971 „Ego
845 923 955 959 illum
989 921 1222 959 conueniam
1256 923 1375 970 atque
1406 919 1599 957 adducam
1628 918 1705 956 huc

201 994 249 1030 ad
273 997 325 1040 te,
360 994 478 1042 quoia
509 995 567 1029 est
600 990 799 1029 ficlicina“.
848 990 976 1028 Casin.
999 990 1099 1026 548:
1136 989 1317 1035 „adsitne
1344 989 1496 1025 animus
1520 988 1555 1024 ei
1582 1000 1705 1024 necne

200 1062 322 1108 adsit,
364 1075 479 1110 quem
518 1058 724 1097 aduocet“.
756 1080 813 1084 -
846 1060 909 1096 65.
948 1054 1104 1107 Quippe
1136 1054 1228 1107 (μα’,-
1266 1058 1384 1094 immo
1428 1053 1519 1103 „ut“
1555 1068 1705 1105 ponen-

200 1130 291 1167 dum
325 1133 421 1166 erat.
479 1129 560 1166 Nec
592 1129 720 1165 minus
753 1127 916 1164 offendit
946 1126 1135 1175 singulari
1165 1138 1328 1162 numero
1360 1125 1533 1173 positum
1562 1124 1704 1173 fflzal‘o,

201 1212 321 1248 quum
354 1201 393 1234 et
425 1196 632 1234 antecedat
668 1194 850 1243 „liberis“
887 1198 927 1232 et
956 1195 997 1231 in
1027 1194 1102 1230 hac
1131 1194 1217 1242 ipsa
1248 1193 1444 1229 sententia
1483 1192 1704 1229 subiectum

200 1266 344 1315 plurali
376 1279 538 1302 numero
572 1268 762 1301 servetur.
826 1247 954 1309 Quare
994 1276 1079 1299 cum
1111 1261 1172 1298 Fl.
1206 1261 1383 1309 spurium
1413 1260 1519 1298 hunc
1548 1273 1705 1297 versum

199 1334 336 1380 habeo,
371 1334 506 1382 quales
538 1333 653 1369 multi
685 1333 725 1369 in
756 1332 830 1368 hac
861 1344 975 1368 scena
1006 1329 1371 1379 deprehenduntur.
1398 1348 1455 1353 —
1481 1328 1545 1365 66.
1574 1324 1707 1366 amari

202 1403 294 1438 olim
323 1401 583 1438 emendatum.
619 1421 674 1425 -—-
707 1401 771 1437 67.
804 1396 899 1437 uolo
930 1409 994 1436 me
1024 1394 1222 1444 Similem,
1256 1410 1306 1434 sc.
1341 1406 1442 1444 6856,
1474 1399 1520 1432 ut
1551 1408 1707 1446 semper

201 1470 346 1507 dicitur
390 1470 559 1516 „factum
590 1467 732 1515 uolo“;
766 1468 812 1504 cf.
846 1481 881 1504 v.
916 1467 980 1503 76.
1022 1466 1165 1514 Amph.
1204 1467 1324 1503 1011.
1356 1485 1412 1490 —
1445 1465 1509 1501 68.
1542 1460 1706 1502 naucle-

200 1536 306 1585 rico,
340 1538 416 1575 adi.
450 1538 647 1583 Graecum,
690 1536 796 1586 quod
834 1538 944 1572 extat
984 1535 1102 1571 etiam
1131 1534 1217 1571 Mil.
1256 1534 1361 1570 1170
1398 1530 1548 1580 (codd.:
1587 1545 1706 1579 „nau-

203 1604 434 1653 clerioco“),
468 1606 535 1655 qui
566 1606 676 1642 locus
708 1608 845 1641 nostro
877 1616 949 1652 pro
982 1602 1267 1640 commentario
1300 1614 1384 1637 esse
1415 1603 1567 1650 potest:
1606 1599 1706 1646 „Fa-

203 1675 281 1710 cito
312 1675 369 1710 uti
401 1675 535 1711 uenias
569 1671 746 1721 [ornatu]
781 1675 945 1709 ornatus
975 1671 1050 1708 huc
1082 1669 1315 1715 nauclerico,
1349 1668 1538 1706 Causeam
1562 1667 1709 1704 habeas

202 1742 466 1789 ferrugineam
508 1746 547 1778 et
587 1741 783 1779 scutulam
824 1740 873 1778 ob
913 1739 1046 1777 oculos
1086 1739 1260 1784 laneam,
1307 1737 1518 1774 Palliolum
1562 1735 1709 1772 habeas

204 1810 488 1859 ferrugineam,
532 1823 622 1846 nam
662 1811 695 1846 is
736 1810 862 1846 colost
892 1808 1144 1852 thalassicus3
1177 1805 1224 1842 Id
1255 1818 1444 1842 conexum
1475 1805 1516 1841 111
1546 1804 1708 1841 humero

203 1878 329 1924 laeuo,
363 1876 388 1922 †
419 1878 631 1915 exfafillalo
663 1877 837 1924 brachio,
870 1876 1125 1913 Praecinctus
1157 1874 1299 1922 aliqui3
1334 1873 1571 1910 adsimulato
1597 1871 1711 1921 quasi

205 1946 447 1993 gubernator
486 1944 603 1982 sies‘².
644 1966 698 1970 —
739 1947 803 1982 70.
838 1941 985 1992 Neque
1013 1940 1179 1992 puduit.
1240 1941 1386 1979 Versus
1426 1954 1448 1978 a
1485 1940 1710 1991 proceleus-

206 2015 351 2051 matico
384 2014 540 2062 incipit,
582 2014 657 2050 nisi
688 2010 778 2051 Nec·
808 2014 929 2062 legas,
965 2032 1014 2036 -
1050 2014 1115 2048 75.
1148 2008 1194 2047 id
1224 2006 1410 2058 obsequi,
1444 2009 1491 2046 cf.
1525 2008 1625 2046 Gell.
1658 2007 1710 2054 II,

208 2083 250 2126 7,
289 2083 358 2118 12:
405 2081 623 2129 „quaedam
657 2095 740 2118 esse
772 2081 1011 2130 parendum,
1053 2078 1247 2128 quaedam
1286 2090 1363 2114 non
1401 2069 1740 2126 obsequendumf

207 2149 284 2187 Sed
315 2163 361 2186 ca
390 2153 544 2196 tamen,
579 2163 679 2198 quae
712 2149 876 2198 obsequi
908 2161 985 2184 non
1018 2149 1178 2196 oportet
1208 2144 1306 2183 etc.“
1356 2145 1490 2182 Madv.
1519 2144 1586 2181 Gr.
1617 2145 1712 2181 229.

207 2237 264 2242 —
295 2219 359 2254 76.
394 2214 629 2256 Obsecchmn
658 2218 817 2266 passivo
849 2230 964 2253 sensu
995 2215 1206 2252 barbarum
1239 2218 1298 2251 est
1329 2227 1400 2250 nec
1431 2214 1571 2259 minus,
1606 2211 1714 2261 quod

209 2286 482 2324 Lachmannus
515 2286 563 2322 ad
594 2286 824 2323 Lucretium
855 2299 893 2334 p.
929 2285 1009 2321 304
1041 2283 1264 2333 proposuit,
1303 2279 1578 2328 „obsecuum“.
1634 2279 1714 2317 No-

210 2356 298 2391 nius
329 2368 367 2403 p.
403 2355 479 2391 501
521 2367 684 2402 prorsus
724 2356 928 2403 corrupte:
975 2352 1123 2399 „amari
1162 2348 1430 2387 obsecutam“.
1492 2348 1569 2386 Sed
1606 2351 1715 2385 totus

209 2435 344 2459 versus
390 2425 429 2458 ct
474 2422 647 2459 numeris
694 2421 906 2459 destitutus
950 2423 1008 2457 est
1051 2423 1090 2457 et
1128 2419 1412 2457 sententiarum
1452 2418 1593 2454 seriem
1632 2420 1715 2453 tam

212 2491 343 2540 inepte
374 2491 649 2539 interrumpit,
690 2493 735 2526 ut
774 2503 861 2526 eum
891 2488 1124 2526 Fleckeisen
1164 2488 1250 2523 iure
1283 2486 1487 2523 damnasse
1517 2484 1714 2521 videatur.

211 2578 267 2582 —
291 2560 356 2595 77.
391 2558 588 2595 contente.
623 2557 766 2594 Veram
792 2558 1027 2606 scripturam
1049 2556 1201 2593 Nonius
1231 2568 1269 2604 p.
1298 2555 1348 2592 83
1374 2553 1546 2591 servavit
1574 2565 1716 2602 „parce

212 2630 249 2663 et
267 2624 537 2682 continenter“
561 2625 773 2675 explicans.
800 2624 927 2661 Graeci
945 2625 1232 2672 συνεσταλμένως
1251 2623 1398 2660 dicunt.
1424 2621 1715 2669 Pacat.Paneg.

212 2693 361 2730 Theod.
389 2695 456 2730 13:
488 2707 629 2742 „parce
656 2696 915 2741 contenteque
939 2690 1178 2729 vivente1n“.
1201 2711 1256 2715 —
1280 2692 1346 2728 78.
1374 2688 1626 2728 consuerunt
1649 2689 1718 2724 aut

215 2775 301 2798 cum
328 2760 482 2797 dioercsi
506 2760 726 2808 legendum,
754 2774 788 2797 v.
810 2760 915 2797 Prol.
941 2772 978 2808 p.
1007 2761 1099 2806 215,
1125 2762 1193 2796 aut
1221 2756 1524 2796 consueuerant
1545 2756 1717 2794 scriben-
