1926 3275
719 335 1000 380 Prolegomena.
1533 342 1552 380 1
1560 343 1612 382 57

128 465 192 502 ive
223 465 264 502 in
294 464 468 502 miniatis
498 464 642 502 litteris
682 464 858 502 delendis
898 465 1052 503 felicior
1088 479 1206 515 quam
1245 466 1286 503 in
1321 466 1418 503 atris
1449 467 1614 517 spongia

109 533 298 570 diluentis
336 532 425 570 fuit.
486 532 633 570 Verum
676 533 759 570 haec
805 534 954 580 omnia,
1000 536 1046 571 ut
1090 533 1190 581 dixi,
1233 533 1328 571 satis
1364 535 1612 583 monstrabit,

108 614 230 650 quum
259 600 466 650 prodierit,
500 600 779 638 Studemundii
810 601 946 638 editio.

222 667 355 706 Codex
390 671 531 706 vetus
562 668 835 706 Camerarii
868 667 957 717 (B),
991 683 1107 719 quem
1136 673 1229 719 post
1259 670 1342 707 eius
1372 673 1542 707 mortem
1572 670 1614 707 in

107 735 328 773 Palatinam
364 735 648 773 bibliothecam
686 738 912 786 pervenisse
951 737 1139 785 diximus,
1180 737 1272 775 inde
1309 738 1351 775 in
1381 738 1614 776 Vaticanam

107 804 303 853 migravit,
335 803 404 841 ubi
435 805 658 841 etiamnunc
689 808 872 842 servatur
894 806 999 842 inter
1021 805 1226 843 Palatinos
1250 819 1288 842 n.
1318 806 1439 843 1615.
1486 805 1614 843 Huius

106 870 199 907 libri
236 875 381 921 praeter
417 871 616 909 Pareanas
663 875 703 910 et
741 872 999 910 Gruterianas
1040 874 1172 923 copias
1211 874 1253 910 in
1291 886 1431 911 novem
1469 873 1614 911 fabulis

106 938 311 976 Ritschelii
342 939 552 977 collatione
583 953 677 977 usus
708 953 805 988 sum,
831 941 871 978 in
895 941 1136 978 Truculento
1154 941 1364 990 Spengelii,
1397 941 1439 978 in
1471 941 1614 978 ceteris

106 1019 204 1043 mea.
251 1007 576 1046 Membranaceus
608 1011 669 1045 est
699 1008 834 1045 formae
858 1009 1049 1055 maximae,
1077 1009 1220 1046 saeculo
1246 1009 1304 1045 XI
1328 1011 1511 1058 scriptus,
1545 1009 1616 1046 sed

106 1087 185 1112 non
216 1074 354 1112 eadem
383 1088 513 1112 manu.
574 1076 836 1113 Describendi
874 1089 990 1127 opere
1031 1078 1138 1113 inter
1175 1077 1307 1126 plures
1347 1077 1493 1124 diviso,
1528 1090 1614 1127 quae

105 1143 208 1180 varii
237 1137 392 1180 librarii
430 1144 687 1193 scripserant,
727 1145 768 1181 in
806 1158 927 1181 unum
967 1145 1135 1182 collecta
1172 1147 1277 1181 sunt.
1338 1145 1385 1182 In
1415 1146 1614 1195 principio

105 1210 199 1247 libri
231 1210 426 1257 Querulus
466 1212 644 1258 additur,
686 1226 804 1262 quam
834 1213 1010 1250 fabulam
1040 1226 1161 1263 prosa
1192 1213 1374 1250 oratione
1406 1213 1456 1250 ad
1486 1214 1614 1250 imita-

105 1279 258 1316 tionem
287 1279 505 1317 Aululariae
543 1280 686 1318 ultimo
725 1281 807 1317 fere
847 1281 1098 1330 antiquitatis
1136 1280 1280 1318 saeculo
1314 1281 1499 1331 scriptam
1531 1296 1615 1320 esse

108 1349 279 1393 constat3
312 1346 528 1385 Vidulariae
558 1348 699 1385 titulus
726 1348 831 1385 solus
859 1352 980 1386 extat.
1028 1347 1160 1385 Codex
1183 1351 1325 1398 utpote
1349 1350 1470 1387 variis
1494 1350 1614 1387 mani-

106 1414 180 1451 bus
199 1415 370 1465 scriptus
396 1428 516 1464 quum
539 1415 739 1453 interdum
764 1417 934 1466 speciem
958 1416 1135 1467 praebeat
1150 1415 1362 1453 admodum
1380 1417 1612 1465 elegantem,

105 1483 343 1532 plerumque
380 1484 504 1533 magis
541 1484 647 1521 lectu
685 1484 814 1522 facilis
853 1498 971 1534 quam
1008 1484 1307 1535 pulchritudine
1344 1485 1510 1533 insignis
1543 1488 1613 1522 est.

105 1549 226 1587 Modo
252 1550 341 1588 laxe
372 1551 545 1601 scriptus
578 1554 649 1599 est,
680 1555 727 1589 ut
758 1553 887 1602 spatio
918 1566 998 1590 non
1027 1555 1227 1602 parcatur,
1261 1553 1379 1590 modo
1410 1567 1544 1603 presse
1577 1557 1617 1591 et

106 1619 269 1656 minutis
306 1618 464 1656 litteris
525 1619 572 1656 In
610 1619 806 1657 eiusmodi
850 1620 949 1658 locis
993 1634 1074 1658 non
1112 1633 1203 1657 raro
1242 1620 1304 1667 fit,
1343 1624 1390 1657 ut
1429 1624 1498 1658 aut
1537 1621 1614 1659 duo

108 1699 248 1725 versus
285 1700 364 1723 una
400 1687 507 1724 linea
544 1687 951 1737 comprehendantur,
991 1691 1059 1725 aut
1093 1688 1239 1738 pagina
1268 1689 1310 1725 in
1341 1688 1437 1725 duas
1468 1689 1614 1725 colum-

108 1768 180 1791 nas
218 1754 440 1802 dividatur,
479 1755 522 1792 id
560 1755 670 1804 quod
698 1769 735 1793 v.
769 1769 800 1792 c.
840 1756 882 1792 in
911 1756 1094 1793 Rudente
1131 1769 1312 1805 magnam
1356 1759 1510 1805 partem
1555 1755 1612 1793 fit.

110 1821 295 1860 Ceterum
325 1835 462 1860 versus
491 1822 728 1873 plerumque
759 1826 941 1860 accurate
972 1823 1282 1873 distinguuntur,
1316 1837 1359 1861 ac
1393 1825 1425 1860 si
1457 1823 1614 1873 quando

108 1889 266 1940 longior
295 1903 431 1928 versus
461 1891 503 1927 in
532 1891 755 1941 proximam
785 1891 929 1928 lineam
958 1892 1114 1938 transit,
1139 1892 1375 1941 plerumque
1400 1892 1616 1929 maiuscula

108 1957 245 1995 littera
275 1971 359 1995 rem
389 1957 560 2005 indicat,
593 1972 683 1995 nam
715 1971 849 1996 omnes
879 1972 1016 1996 versus
1047 1972 1069 1996 a
1098 1959 1313 1996 maioribus
1344 1960 1488 1996 litteris
1519 1960 1614 1996 inci-

109 2026 238 2074 piunt.
273 2045 324 2050 --
357 2025 530 2076 Singulis
570 2027 697 2063 scenis
736 2039 995 2076 personarum
1031 2028 1193 2064 nomina
1223 2028 1494 2077 superscripta
1524 2030 1616 2064 sunt

109 2092 242 2130 rubris
272 2093 430 2131 litteris.
492 2094 584 2131 Haec
615 2096 755 2144 postea
785 2094 923 2131 addita
953 2097 1064 2141 sunt,
1098 2108 1167 2131 nec
1198 2095 1366 2132 fortasse
1398 2095 1446 2132 ab
1479 2096 1616 2132 eodem

109 2160 292 2208 librario,
334 2162 374 2199 in
413 2161 567 2198 Poenuli
605 2162 764 2212 quidem
809 2163 944 2212 priore
988 2165 1104 2212 parte
1150 2176 1413 2213 personarum
1455 2164 1616 2200 nomina

110 2228 231 2266 rubro
264 2229 393 2265 colore
425 2230 551 2266 scenis
581 2230 814 2280 praescripta
844 2232 949 2277 sunt,
981 2230 1053 2267 sed
1083 2230 1219 2267 eadem
1249 2231 1327 2267 iam
1355 2233 1473 2268 antea
1494 2231 1615 2268 libra-

111 2297 193 2333 rius
225 2299 447 2334 atramento
480 2297 692 2346 scripserat
722 2301 850 2347 poetae
880 2297 1013 2335 verbis
1046 2299 1286 2344 continuata,
1321 2299 1433 2347 quasi
1466 2301 1505 2334 et
1529 2299 1617 2348 ipsa

110 2376 248 2400 versus
287 2366 355 2401 aut
391 2377 526 2401 versus
563 2367 698 2413 partes
736 2368 877 2401 essent.
939 2365 1016 2402 Per
1060 2366 1165 2415 ipsas
1212 2378 1347 2402 scenas
1393 2366 1433 2402 in
1477 2366 1616 2415 primis

111 2430 258 2467 fabulis
302 2444 561 2481 personarum
614 2432 776 2469 nomina
820 2432 940 2469 rubro
986 2432 1116 2469 colore
1161 2434 1203 2469 in
1247 2433 1423 2481 margine
1468 2433 1617 2482 scripta

112 2501 215 2545 sunt,
249 2502 328 2546 aut,
362 2499 431 2536 ubi
462 2499 590 2536 oratio
622 2500 662 2535 in
693 2499 823 2536 medio
853 2512 969 2536 versu
1002 2497 1154 2549 incipit,
1186 2501 1228 2536 in
1260 2512 1305 2536 eo
1337 2501 1477 2550 spatio,
1511 2500 1617 2549 quod

111 2566 299 2603 librarius
330 2567 566 2617 reliquerat3
599 2566 669 2603 sed
701 2568 742 2603 in
772 2567 886 2616 longe
917 2567 1118 2616 plerisque
1143 2567 1287 2604 fabulis
1312 2580 1398 2604 eam
1421 2569 1615 2604 rationem

111 2633 298 2670 librarius
329 2638 484 2671 secutus
517 2637 587 2680 est,
622 2647 707 2683 quae
738 2634 869 2683 vulgo,
903 2635 1022 2671 etiam
1053 2636 1093 2671 in
1124 2635 1300 2672 Terentii
1331 2635 1543 2682 codicibus,
1576 2635 1615 2672 in

112 2713 187 2738 usu
218 2704 322 2747 erat,
362 2705 407 2739 ut
446 2701 611 2750 singulis
652 2702 795 2738 litteris
825 2715 1001 2752 personae
1033 2703 1296 2751 signarentur.
1358 2702 1427 2739 Hae
1459 2715 1616 2752 quoque

113 2767 255 2814 rubro,
295 2771 507 2818 postquam
546 2772 677 2806 cetera
715 2770 861 2818 scripta
900 2773 1030 2816 erant,
1074 2770 1340 2816 addebantur,
1382 2784 1453 2807 nec
1490 2771 1615 2820 priori

113 2833 276 2872 librario
319 2835 427 2873 aliud
466 2836 682 2874 curandum
722 2840 825 2884 erat,
867 2851 983 2886 quam
1013 2841 1058 2874 ut
1087 2838 1167 2874 suis
1198 2838 1295 2875 locis
1329 2839 1458 2887 spatia
1492 2851 1616 2875 vacua

113 2901 367 2951 relinqueret.
414 2902 526 2949 Quod
551 2916 615 2940 eos
639 2917 716 2941 nou
738 2918 951 2954 numquam
978 2909 1046 2942 aut
1076 2906 1235 2942 omnino
1267 2919 1346 2942 non
1377 2905 1515 2942 fecisse
1547 2908 1615 2942 aut
