1926 3275
712 254 991 298 Prolegomena.
1524 255 1542 292 1
1550 255 1602 292 69

102 386 252 436 expleri
282 385 451 423 voluerit
476 387 606 434 poeta,
639 384 723 434 ipse
754 384 815 421 his
846 383 976 420 verbis
1002 383 1151 420 indicat
1179 380 1231 429 (v.
1260 379 1378 429 575):
1418 381 1603 428 „Tibicen

101 469 171 493 vos
217 456 371 491 interea
415 454 478 490 hic
524 450 821 490 delectaverit“.
884 451 1038 489 Similes
1084 451 1160 489 loci
1206 454 1299 487 sunt
1344 451 1384 487 in
1421 449 1605 487 Asinaria

102 537 137 560 v.
172 524 266 569 802,
299 522 366 559 ubi
397 521 587 559 Diabolus
619 535 703 559 cun]
737 522 914 570 parasito
945 521 986 557 in
1017 521 1151 557 amicae
1183 519 1306 556 aedem
1339 519 1502 565 intrant,
1537 518 1605 554 sed

101 605 210 638 mOX,
242 595 456 641 postquam
494 590 638 627 rivales
677 590 731 627 ibi
768 591 1077 638 conspexerunt,
1111 591 1272 633 exeunt,
1304 589 1345 624 in
1377 587 1605 624 Cistellaria

101 673 136 697 v.
172 659 272 706 458,
305 659 373 696 ubi
403 658 581 695 Melaenis
625 658 718 705 „Ibo
750 656 933 695 dom11n1“
977 658 1109 707 inquit
1152 656 1305 705 „Atque
1339 655 1389 692 ad
1419 658 1604 704 parentes

101 727 317 765 redducam
361 726 600 774 Selenium“,
647 740 736 763 mox
783 740 870 764 cum
916 725 1070 763 Selenio
1123 724 1280 761 rediens
1325 725 1381 761 sic
1426 723 1602 761 orditur:

107 796 229 843 „Rem
261 797 416 834 elocuta
449 809 533 832 sum
564 795 638 832 tibi
671 809 847 841 omnem3
877 807 1041 843 sequere
1072 807 1134 830 me
1166 793 1256 839 hac,
1289 790 1532 839 Selenium“;
1565 793 1606 828 in

101 865 572 911 Heautontimorumeno,
607 877 682 913 quo
714 864 799 900 loco
833 864 1014 912 quintum
1047 866 1178 899 actum
1209 861 1331 897 ordiri
1358 861 1505 907 solent,
1538 860 1605 897 ubi

102 933 370 979 Menedemus,
405 933 472 981 qui
503 946 628 982 nuper
659 932 815 969 introiit
847 929 898 978 (v.
935 929 1047 978 873),
1080 932 1223 967 iteruin
1255 930 1335 966 exit
1368 926 1500 976 (874).
1561 929 1606 965 In

103 1002 295 1039 eiusmodi
325 1002 423 1038 locis
456 1004 495 1037 et
525 1001 694 1038 fortasse
727 1002 846 1037 etiam
882 1001 923 1036 in
955 1000 1043 1036 aliis
1075 998 1320 1048 quibusdam,
1352 997 1421 1034 ubi
1451 998 1605 1047 longius

101 1071 292 1120 temporis
320 1070 492 1118 spatium
518 1069 785 1105 intercessisse
810 1068 983 1117 fingitur,
1010 1067 1182 1104 tibicinis
1207 1070 1345 1103 cantus
1368 1066 1606 1102 histrionum

103 1142 215 1176 actus
254 1138 545 1188 interpellavit3
593 1137 662 1174 sed
702 1138 948 1186 paucissimis
988 1137 1050 1173 his
1088 1135 1180 1172 locis
1220 1134 1392 1185 exceptis
1434 1134 1607 1171 dubitari

102 1220 182 1244 non
212 1209 366 1256 potest,
401 1207 514 1254 quin,
547 1209 591 1242 ut
622 1205 801 1243 Donatus
833 1206 907 1252 ait,
947 1218 1027 1242 non
1057 1206 1283 1254 interrupta
1314 1202 1607 1240 succedentium

103 1288 234 1312 rerum
265 1275 557 1312 continuatione
588 1277 676 1312 tota
706 1274 841 1311 fabula
871 1277 1033 1324 peracta
1063 1274 1125 1310 sit.
1191 1273 1319 1319 Quare
1349 1272 1390 1308 in
1421 1271 1494 1308 hac
1525 1270 1606 1307 edi-

104 1344 213 1380 tione
251 1356 324 1380 nec
362 1346 520 1380 actuum
559 1342 700 1380 divisio
738 1343 964 1379 invenietur
1010 1355 1081 1379 nec
1119 1341 1167 1378 de
1207 1340 1409 1378 dividendi
1454 1340 1607 1377 ratione

104 1412 274 1462 amplius
321 1411 610 1462 disputabitur3
664 1414 820 1448 tantum
873 1412 914 1447 in
968 1411 1171 1460 superiore
1222 1410 1398 1456 margine
1447 1408 1609 1456 vulgata

105 1483 263 1518 actuum
301 1484 341 1517 et
380 1493 585 1518 scenarum
624 1479 766 1516 divisio
804 1479 1063 1526 indicabitur,
1096 1482 1141 1516 ut
1172 1478 1247 1515 loci
1278 1476 1327 1514 ad
1357 1477 1457 1514 hanc
1487 1476 1607 1513 ratio-

104 1562 192 1586 nem
223 1549 336 1587 citati
365 1549 536 1586 inveniri
566 1548 734 1598 possint.

815 1805 898 1856 VI.

563 1921 620 1968 De
661 1921 831 1969 canticis
871 1926 914 1968 et
952 1919 1158 1969 diverbiiS.

221 2094 412 2132 Tibicinis
449 2098 585 2144 partes
624 2108 703 2132 non
743 2107 796 2131 eae
836 2094 930 2131 solae
971 2096 1102 2140 erant,
1149 2096 1195 2129 ut
1240 2106 1444 2129 scenarum
1489 2093 1610 2128 inter-

107 2163 228 2209 valla,
270 2164 302 2199 si
341 2176 438 2213 opus
478 2167 583 2210 erat,
626 2166 857 2213 occuparet,
903 2163 998 2212 ipsae
1043 2161 1186 2198 fabulae
1231 2174 1413 2210 magnam
1457 2164 1611 2210 partem

108 2230 233 2268 modis
264 2231 436 2280 impletae
468 2235 582 2268 erant
612 2234 650 2267 et
682 2231 731 2268 ad
761 2231 880 2268 tibias
911 2231 1163 2268 canebantur.
1210 2229 1347 2266 Testes
1378 2232 1470 2266 sunt
1501 2228 1610 2264 dida-

109 2299 238 2336 scaliae
254 2298 515 2345 Terentianae,
542 2312 628 2348 quae
653 2299 702 2336 ad
724 2312 921 2348 quamque
946 2298 1119 2335 fabulam
1144 2298 1335 2343 indicant,
1362 2298 1449 2346 quis
1474 2296 1610 2333 modos

109 2368 248 2405 fecerit
278 2371 317 2404 et
348 2380 424 2416 quo
456 2367 641 2404 tibiarum
672 2380 814 2416 genere
855 2371 943 2404 acta
975 2367 1038 2403 sit.
1100 2366 1145 2403 In
1176 2366 1309 2403 Plauti
1340 2365 1482 2402 fabulis
1514 2365 1611 2401 nihil

109 2435 187 2472 tale
218 2435 411 2481 traditur,
445 2434 514 2472 sed
544 2436 585 2472 in
617 2434 818 2472 codicibus
850 2434 1045 2472 Plautinis
1075 2435 1107 2471 B
1139 2438 1178 2471 et
1209 2434 1236 2471 C
1268 2435 1413 2483 passim
1446 2436 1610 2470 servatae

110 2507 202 2541 sunt
232 2507 333 2541 notae
369 2503 418 2539 ad
457 2503 557 2540 hanc
597 2516 677 2539 rem
716 2504 979 2553 pertinentes,
1014 2515 1098 2551 quae
1132 2503 1171 2538 in
1203 2502 1379 2539 Terentii
1412 2501 1610 2538 codicibus

109 2572 326 2622 perierunt.
387 2571 508 2621 Apud
538 2571 738 2608 Donatum
776 2571 846 2607 has
888 2571 965 2607 iam
1005 2571 1245 2619 antiquiores
1286 2570 1478 2619 philologi
1510 2583 1610 2605 com-

110 2644 346 2677 memoratas
377 2639 568 2688 legerant.
629 2639 808 2676 Donatus
850 2640 952 2675 enim
983 2639 1022 2675 in
1053 2639 1322 2688 Adelphorum
1354 2638 1607 2687 praefatione:

117 2707 252 2757 „Saepe
288 2712 419 2745 tamen
456 2708 617 2744 mutatis
656 2720 727 2756 per
760 2721 915 2744 scenam
946 2707 1074 2745 modis
1107 2707 1256 2743 cantica
1286 2707 1473 2752 mutavit,
1507 2706 1610 2754 quod

111 2776 306 2825 significat
336 2776 476 2813 titulus
508 2788 632 2811 scenae
664 2775 810 2812 habens
841 2775 1036 2812 subiectas
1068 2775 1222 2811 litteras
1252 2775 1307 2811 M.
1341 2774 1394 2811 M.
1424 2774 1464 2812 C.
1512 2775 1609 2810 Item

113 2843 292 2881 diverbia
331 2844 378 2881 ab
416 2843 678 2880 histrionibus
718 2843 853 2881 crebro
891 2844 1151 2894 pronuntiata
1190 2847 1298 2890 sunt,
1340 2855 1425 2891 quae
1463 2842 1610 2891 signifi-
