1926 3275
222 312 302 351 370
883 306 1066 342 Asinaria.

221 439 312 476 dum
343 437 480 486 liquet.
504 455 562 462 -—
587 437 680 474 200.
708 431 758 474 Si
781 445 852 473 cle-5*
875 431 1035 482 habent,
1061 437 1087 473 i.
1114 449 1146 473 0.
1180 448 1256 473 1010
1289 439 1464 486 accepto.
1506 434 1562 474 Cf.
1581 434 1727 473 Horat.

218 506 293 556 Ep.
318 505 348 552 I,
378 506 440 552 16,
467 506 539 542 47:
579 503 734 551 „Habes
765 505 957 554 pretium;
990 503 1086 541 loris
1118 517 1198 541 non
1228 501 1394 541 ureris“.
1419 524 1476 528 —
1504 500 1726 552 disciplina

219 574 347 620 codd„
377 573 482 622 quod
507 573 539 610 si
562 572 727 609 Plautus
758 572 927 620 scripsit,
959 571 1090 609 hiatus
1119 575 1214 621 post
1243 572 1282 610 h.
1307 586 1343 610 v.
1377 575 1448 610 est.
1496 570 1572 609 Sed
1603 570 1742 625 malui·

220 656 306 680 cum
343 641 616 678 Fleckeisenio
664 639 930 689 antiquiorem
975 640 1081 677 vocis
1127 640 1290 677 formam
1333 640 1564 687 restituere,
1606 652 1725 689 quam

217 709 399 760 praebent
430 708 540 746 codd.
573 707 691 745 Most.
722 708 813 745 150.
861 706 1067 755 Significat
1098 711 1230 745 autem
1262 721 1403 755 mores,
1438 707 1484 746 cf.
1511 707 1596 745 Cas.
1622 708 1724 744 623:

224 777 360 825 „Quod
390 776 495 814 haud
525 776 697 813 Atticam
731 775 920 812 condecet
951 773 1239 824 disciplinam“.
1287 775 1339 813 ib.
1369 776 1471 813 628:
1510 775 1724 822 „malarum

218 845 362 883 malam
395 842 683 894 disciplinam“.
731 842 910 881 Cist.17.
944 844 1028 881 Mil.
1051 845 1142 881 187.
1174 843 1297 881 Merc.
1320 844 1410 881 114.
1444 843 1602 881 Trucul.
1624 843 1724 881 132:

223 913 338 960 „Oles
368 912 474 950 unde
507 925 547 949 es
580 910 867 960 disciplinam“.
908 912 996 949 Ter.
1022 912 1167 949 Heaut.
1197 913 1289 950 300.
1318 932 1374 938 —
1401 913 1494 950 201.
1528 910 1640 958 Quod
1674 910 1726 947 ad

219 981 475 1027 credendum,
522 981 669 1029 inquit,
717 993 854 1017 manus
894 983 1038 1017 nostrae
1081 977 1267 1018 oculaz‘cce
1307 983 1417 1027 sunt,
1464 980 1489 1017 i.
1523 993 1555 1017 e.
1601 979 1728 1016 oculis

217 1051 431 1086 instructae.
493 1049 548 1087 Ut
579 1048 680 1085 oculi
712 1047 810 1084 nihil
843 1048 1029 1095 credunt,
1063 1049 1139 1085 nisi
1172 1047 1279 1098 quod
1309 1048 1466 1094 vident,
1499 1048 1555 1085 ita
1585 1059 1726 1084 manus

217 1118 318 1155 nihil
350 1118 532 1167 cuiquam
565 1116 742 1162 credunt,
775 1117 849 1152 nisi
879 1119 1054 1166 pretium
1086 1116 1283 1154 viderunt.
1339 1115 1394 1153 Cf.
1428 1115 1587 1153 Trucul.
1620 1115 1724 1152 486:

223 1186 376 1233 „Pluris
400 1189 459 1222 est
483 1185 662 1222 oculatus
685 1185 800 1221 testis
823 1198 925 1221 unus
950 1198 1066 1233 quam
1093 1185 1213 1221 auriti
1239 1182 1412 1221 decem“.
1440 1204 1495 1208 —
1522 1184 1614 1220 202.
1643 1179 1725 1220 Ni-

218 1251 293 1292 hili
325 1251 475 1292 coactio
508 1253 568 1291 (35⁴5
598 1252 726 1299 codd,
761 1256 935 1290 correcto
969 1252 1136 1290 leviculo
1169 1265 1301 1288 errore
1333 1251 1479 1289 codicis
1510 1251 1554 1288 B.
1601 1250 1726 1287 Vetus

217 1321 468 1372 proverbium
508 1320 690 1367 affertur,
732 1319 799 1357 sed
838 1333 915 1356 non
955 1320 1165 1368 integrum.
1228 1319 1359 1356 Prima
1400 1320 1481 1356 eius
1525 1332 1618 1369 pars
1664 1321 1726 1355 est

224 1389 369 1436 „Nihili
401 1390 550 1426 coactio
583 1387 691 1435 est“;
723 1389 942 1438 genetivus,
976 1388 1043 1436 qui
1075 1388 1186 1437 sequi
1220 1387 1399 1434 debebat,
1432 1400 1511 1424 non
1537 1387 1722 1436 ponitur3

219 1457 314 1506 quid
345 1460 458 1503 esset,
491 1456 626 1493 Plauti
659 1458 900 1505 spectatores
932 1468 1064 1492 omnes
1095 1458 1250 1502 norant,
1283 1468 1352 1492 nos
1384 1455 1622 1503 ignoramus,
1647 1454 1723 1491 nisi

219 1525 314 1574 quid
345 1526 568 1562 coniectura
601 1524 792 1574 suspicari
816 1536 1037 1573 possumus.
1087 1518 1256 1561 C'Occh‘iO
1282 1525 1412 1560 autem
1439 1522 1583 1559 dicitur
1606 1534 1724 1571 pecu-

216 1594 303 1639 niae,
336 1596 382 1629 ut
405 1592 564 1630 Sueton.
583 1593 701 1642 Vesp.
726 1594 741 1628 1
773 1592 993 1629 coactiones
1020 1592 1279 1639 argentarias,
1306 1591 1445 1628 Horat.
1466 1589 1545 1628 Sat.
1563 1589 1594 1637 Ι,
1615 1590 1650 1637 6,
1671 1590 1725 1628 86

219 1660 364 1709 aliique
396 1663 594 1697 coactores
625 1663 946 1697 commemorant.
1009 1658 1118 1697 Lena
1147 1659 1334 1709 praesenti
1365 1659 1531 1708 pecunia
1563 1659 1619 1695 ait
1648 1657 1725 1695 sibi

219 1742 318 1778 opus
351 1741 446 1775 esse,
480 1741 550 1765 nec
582 1741 622 1765 se
655 1740 811 1777 operam
844 1727 1012 1777 perdere
1037 1727 1140 1764 velle
1164 1727 1204 1763 in
1233 1727 1405 1774 cogenda
1431 1727 1611 1776 pecunia,
1638 1738 1727 1775 quae

218 1797 325 1833 nulla
359 1796 513 1833 corradi
544 1797 680 1846 possit.
728 1795 774 1832 In
805 1795 1018 1845 proverbio
1050 1795 1126 1832 fuit
1157 1797 1306 1832 coactio
1339 1808 1417 1831 non
1441 1794 1630 1844 pecuniae,
1656 1793 1724 1831 sed

219 1864 317 1901 alius
349 1864 406 1900 rei
438 1863 486 1900 ab
517 1864 697 1901 omnibus
731 1866 976 1912 contemptae.
1026 1862 1141 1900 Fumi
1173 1866 1241 1899 aut
1271 1863 1448 1913 pulveris
1481 1862 1724 1899 coactionem

218 1930 429 1980 significari
474 1944 590 1980 posse
632 1931 667 1967 ei
705 1931 872 1968 forsitan
913 1931 952 1966 in
994 1933 1162 1967 mentem
1210 1931 1361 1977 veniat,
1403 1932 1471 1979 qui
1510 1929 1725 1967 Frontonis

218 1998 356 2036 harum
389 2012 518 2035 rerum
550 1998 687 2035 laudes
718 1999 879 2047 legerit,
914 2002 1156 2048 argumento,
1189 2001 1234 2035 ut
1265 2000 1348 2047 ipse
1381 1999 1447 2044 ait,
1484 2011 1506 2034 a
1535 1997 1726 2034 Romanis

218 2080 357 2116 parum
392 2069 579 2112 tractato,
619 2066 717 2112 „nisi
750 2066 856 2114 quod
888 2069 1015 2114 poctae
1047 2066 1086 2102 in
1120 2066 1318 2103 comoediis
1350 2066 1412 2102 vel
1445 2065 1626 2102 atellanis
1657 2064 1724 2101 ad-

218 2131 419 2182 tigerunt“
468 2131 521 2182 (p.
557 2134 636 2170 254
669 2131 814 2180 Nieb.).
878 2132 954 2170 Sed
995 2133 1091 2170 fumi
1140 2136 1206 2170 aut
1251 2133 1427 2182 pulveris
1472 2145 1614 2172 nomen
1656 2145 1728 2170 cur

221 2201 493 2247 omitteretur,
536 2201 645 2237 nulla.
684 2214 797 2238 causa
840 2204 945 2247 erat,
978 2201 1120 2238 foedam
1154 2201 1323 2250 aliquam
1354 2214 1436 2238 rem
1459 2200 1723 2251 sproverbium

219 2269 437 2305 nominasse
468 2268 637 2305 videtur.
700 2268 772 2305 Hic
813 2282 931 2317 quum
965 2268 1170 2306 Turnebus
1209 2282 1341 2306 veram
1381 2269 1483 2306 viam
1523 2269 1725 2318 ingressus

221 2340 333 2381 essct,
368 2335 583 2373 Lambinus
616 2338 813 2386 ceterique
845 2337 1014 2384 pessime
1049 2336 1295 2373 aberrarunt.
1344 2336 1589 2387 Interpretes
1620 2337 1723 2373 enim

219 2403 299 2439 fere
326 2403 561 2440 Lambinum
593 2408 822 2454 sequuntur,
858 2405 924 2453 qui
957 2405 1142 2441 coniecit:
1183 2404 1328 2451 „Nihili
1361 2405 1466 2441 cocio
1498 2407 1568 2450 est,
1601 2405 1634 2441 si
1666 2407 1727 2441 est

220 2468 399 2517 coecus“,
435 2473 672 2518 coctionem,
714 2476 758 2509 ut
797 2475 857 2509 est
896 2473 935 2508 in
970 2473 1062 2521 epit.
1094 2471 1203 2508 Festi
1234 2485 1272 2521 p.
1310 2473 1373 2518 51,
1415 2474 1485 2508 aut
1523 2472 1721 2509 cocionem

220 2550 247 2572 s.
283 2538 495 2584 cotionem,
529 2542 573 2576 ut
607 2543 666 2575 est
698 2541 737 2576 in
769 2539 930 2576 Laberii
962 2540 1182 2587 fragmento
1216 2553 1275 2588 ap.
1311 2538 1411 2576 Gell.
1444 2539 1556 2585 XVI,
1591 2540 1634 2586 7,
1672 2540 1722 2576 12

223 2602 286 2649 (cf.
312 2604 543 2642 Fleckeisen
575 2607 613 2642 in
644 2607 745 2643 Mus.
772 2607 896 2644 Rhen.
922 2607 1027 2653 VIII,
1061 2621 1098 2656 p.
1127 2604 1238 2654 231),
1271 2609 1530 2644 mercatorum
1562 2606 1624 2643 vel
1655 2619 1723 2644 ne-

221 2672 461 2718 gotiatorum
503 2684 626 2720 genus
662 2674 901 2722 intelligens.
933 2694 989 2699 -—
1020 2675 1065 2711 In
1096 2689 1131 2712 v.
1166 2672 1320 2713 coactio
1353 2674 1437 2711 duae
1469 2676 1624 2723 priores
1653 2686 1727 2723 per

220 2739 415 2786 synizesin
449 2740 683 2787 coalescunt,
717 2742 763 2777 cf.
796 2741 952 2791 Proleg.
985 2755 1022 2791 p.
1055 2742 1148 2778 216.

337 2807 429 2843 203.
469 2804 613 2844 Aliam
650 2819 770 2845 7121916.
831 2808 924 2845 Haec
965 2808 1042 2844 duo
1080 2808 1201 2846 verba
1232 2809 1263 2846 B
1303 2807 1553 2845 antecedenti
1591 2809 1722 2845 versui

220 2873 412 2921 adiungit.
444 2895 498 2899 ——
532 2875 624 2911 204.
658 2874 802 2912 Versus
835 2874 991 2923 ἄμετρος.
1045 2876 1099 2913 Ut
1130 2877 1302 2912 numeris
1333 2875 1568 2922 mederetur,
1601 2874 1722 2912 Lam·
