1926 3275
813 299 854 335 v.
881 301 1071 335 τῶι-779..
1609 307 1689 346 421

194 430 433 480 suspiciosus
465 432 617 466 amator
646 430 800 467 metuit.
861 429 907 467 In
939 430 1116 468 exeundo
1149 434 1298 478 autem,
1331 431 1363 469 si
1393 432 1605 470 triclinium
1636 433 1694 471 ita

195 501 465 549 comparatum
489 497 578 544 suit,
603 500 647 535 ut
670 497 910 548 Pompeiana
939 498 1019 546 illa,
1050 502 1097 536 ut
1126 499 1219 536 lecti
1249 500 1442 549 parietem
1473 503 1692 550 tangerent,

193 566 280 604 fieri
303 579 382 604 non
405 566 537 616 potuit
563 567 658 615 quin
682 579 752 616 per
774 568 997 616 proximum
1028 567 1174 604 lectum
1203 568 1412 616 transiret;
1443 569 1576 618 itaque
1606 572 1696 619 post

199 632 374 684 „neque“
407 633 544 671 addidi
569 643 711 682 quom,
744 634 850 683 quod
876 635 994 672 etiam
1017 636 1221 685 proximus
1244 650 1378 673 versus
1402 635 1573 687 flagitat3
1605 651 1694 675 nam

195 703 262 753 qui
293 716 379 740 eam
410 702 555 739 lectum
586 702 816 739 inscendere
845 704 1004 741 omnino
1030 705 1166 751 vetuit,
1193 705 1275 741 eius
1299 717 1377 741 non
1401 708 1470 752 est,
1498 706 1694 754 quomodo

194 771 287 808 inde
319 769 557 808 descendere
590 770 745 818 debeat,
778 771 1005 820 praecipere.
1032 791 1089 796 —-
1121 773 1214 810 771.
1245 772 1340 810 Post
1371 770 1465 823 quoi
1494 773 1624 811 hiatus
1655 775 1695 811 in

195 852 364 886 caesura,
396 838 511 876 Both.
536 838 596 876 Fl.
627 837 907 888 „quoiquam“.
954 835 1121 878 Amilos
1145 844 1298 878 constat
1327 845 1408 878 tam
1440 843 1545 879 viros
1577 856 1694 892 quam

194 907 359 944 feminas
389 907 510 955 vulgo
541 910 731 956 gestasse.
792 906 873 944 Hos
912 920 1016 958 saepe
1055 908 1157 945 alter
1195 909 1310 946 alteri
1347 910 1611 958 monstrabat,
1652 914 1696 948 ut

196 978 265 1013 aut
297 978 423 1012 artem
453 975 615 1025 sculptae
646 975 831 1024 imaginis
865 979 932 1013 aut
957 976 1208 1025 splendorem
1234 991 1395 1027 gemmae
1420 978 1694 1017 admiraretur.

195 1044 289 1081 Tale
321 1043 416 1093 quid
448 1056 531 1080 eam
564 1043 693 1080 facere
725 1047 879 1080 amator
904 1046 1084 1094 suspicax
1109 1048 1227 1092 vetat,
1253 1059 1322 1082 nec
1349 1047 1431 1082 sine
1457 1060 1583 1094 causa,
1616 1048 1694 1085 vid.

195 1111 325 1149 Tibul.
357 1100 392 1158 I,
429 1112 471 1158 6,
506 1113 556 1149 25
591 1124 669 1160 sq.:
714 1110 848 1161 „Saepe
880 1112 988 1149 velut
1018 1126 1193 1162 gemmas
1226 1115 1308 1151 eius
1340 1115 1572 1164 signumque
1604 1129 1695 1165 pro-

194 1180 341 1227 barem,
374 1179 450 1217 Per
481 1193 635 1217 causam
668 1180 827 1217 memini
858 1194 919 1217 me
949 1181 1125 1231 tetigisse
1156 1180 1352 1218 manuus‘.
1378 1202 1433 1206 —
1459 1184 1552 1220 772.
1580 1180 1697 1222 Talis·

195 1249 237 1285 in
269 1248 449 1286 convivio
480 1248 617 1285 ludere
650 1248 842 1295 solebant,
874 1263 910 1286 v.
943 1249 1046 1286 infra
1079 1250 1172 1287 805.
1204 1250 1322 1287 Most.
1359 1252 1451 1288 303.
1483 1251 1566 1289 Mil.
1604 1253 1695 1289 165.

195 1316 241 1354 In
271 1317 346 1354 hoc
376 1317 465 1354 lusu
496 1317 596 1354 alter
627 1317 793 1354 alterum
824 1317 1090 1367 provocabat,
1125 1318 1170 1355 cf.
1205 1317 1315 1356 Curc.
1351 1320 1443 1356 355.
1505 1319 1695 1358 Philaenio

196 1389 342 1435 praeter
372 1398 493 1422 unum
524 1384 739 1423 Diabolum
772 1387 965 1423 neminem
998 1399 1215 1436 provocare
1246 1386 1393 1424 licebit.
1443 1387 1487 1424 In
1520 1389 1696 1426 iaciendo

199 1457 331 1490 autem
370 1456 437 1490 aut
475 1452 567 1490 deos
598 1453 857 1501 invocabant,
891 1467 987 1504 quos
1018 1454 1094 1491 sibi
1125 1455 1324 1505 propitios
1356 1456 1440 1492 fore
1472 1456 1697 1505 sperabant,

198 1524 266 1559 aut
297 1521 475 1559 homines
509 1534 594 1569 eos,
629 1535 725 1571 quos
766 1523 936 1560 maxime
974 1523 1177 1570 amabant,
1218 1524 1298 1560 sive
1331 1537 1406 1573 quo
1437 1525 1585 1562 nullam
1616 1539 1698 1562 rem

198 1590 323 1627 amori
369 1603 409 1627 se
454 1590 642 1640 praeferre
687 1590 970 1640 significarent,
1018 1592 1098 1628 sive
1143 1595 1187 1629 ut
1233 1595 1414 1629 eventum
1460 1594 1586 1632 iactus
1625 1607 1697 1643 pro

199 1659 328 1696 omine
366 1658 578 1705 haberent,
621 1659 667 1696 cf.
706 1658 816 1709 Capt.
852 1660 922 1696 73:
971 1660 1034 1706 „in
1073 1661 1255 1697 conuiuio
1288 1660 1361 1698 sibi
1392 1664 1563 1708 amator,
1597 1662 1697 1699 talos

199 1741 317 1777 quom
349 1727 453 1774 iacit,
487 1731 659 1764 scortum
690 1726 890 1765 inuocat“.
949 1727 1059 1765 Cure.
1089 1729 1188 1766 356:
1228 1729 1409 1775 „inuocat
1435 1728 1697 1767 Planesimn‘³.

198 1795 302 1832 infra
334 1796 433 1833 896:
480 1795 576 1842 „Te,
609 1795 879 1842 Philaenium,
913 1796 1011 1832 mihi
1043 1800 1161 1846 atque
1193 1799 1327 1834 uxoris
1358 1796 1564 1835 mortem‘ffl
1624 1797 1700 1835 Sed

198 1864 410 1911 Philaenio,
451 1864 513 1900 vel
552 1864 583 1901 si
620 1867 855 1914 praesentem
895 1865 1123 1902 invocatura
1162 1870 1239 1912 est,
1280 1880 1359 1903 non
1398 1866 1434 1904 l‘c
1472 1866 1699 1915 simpliciter

199 1932 330 1969 dicere
370 1931 525 1980 licebit,
572 1945 620 1969 ne
666 1932 771 1970 forte
818 1933 916 1970 alius
962 1933 1130 1969 hominis
1176 1947 1316 1971 nomen
1362 1938 1491 1971 mente
1533 1935 1698 1983 cogitet,

198 2013 340 2038 nomen
372 2000 517 2038 addere
550 2001 763 2050 oportebit.
827 2000 940 2047 Quod
972 2001 1002 2037 si
1037 2001 1198 2038 deorum
1231 2015 1343 2052 opem
1375 2002 1624 2052 implorabit,
1658 2006 1700 2039 ut

198 2069 397 2119 parasitus
428 2069 469 2106 in
501 2067 612 2106 Cure.
648 2070 726 2106 358
759 2069 958 2116 Herculis,
999 2069 1093 2106 deas
1132 2070 1233 2107 solas
1271 2071 1446 2117 invocet,
1488 2084 1575 2107 nam
1608 2070 1700 2107 deos

199 2138 315 2175 etiam
353 2137 499 2176 rivales
537 2138 680 2175 metuit
718 2137 967 2184 adulescens,
1016 2139 1047 2174 si
1087 2138 1161 2175 sibi
1202 2139 1427 2188 religiosum
1467 2153 1551 2176 esse
1588 2142 1699 2189 puta—

198 2207 313 2253 verit,
346 2209 391 2243 ut
422 2206 537 2243 deum
569 2206 739 2255 aliquem
771 2205 929 2253 adoret,
970 2208 1099 2256 ipsum
1139 2221 1178 2244 se
1219 2209 1274 2244 ait
1311 2219 1387 2258 pro·
1423 2221 1468 2244 ea
1498 2208 1699 2245 invocatu-

199 2287 300 2311 rum.
339 2293 395 2301 —
433 2275 527 2311 777.
559 2274 622 2311 Ad
660 2274 763 2311 hunc
802 2274 930 2311 locum
963 2274 1113 2311 Nonius
1152 2289 1190 2324 p.
1225 2277 1324 2312 430:
1373 2276 1504 2322 „luter
1543 2275 1699 2323 nutare,

201 2339 400 2390 (adnuere,
446 2339 604 2381 ‘nictare
648 2346 802 2380 veteres
848 2343 920 2379 hoc
967 2343 1156 2380 interesse
1204 2344 1430 2391 voluerunt,
1477 2348 1521 2381 ut
1560 2347 1700 2381 nutare

201 2411 360 2461 capitis,
395 2411 568 2448 adnuere
599 2411 662 2448 vel
693 2412 856 2448 innuere
889 2412 1043 2448 narium
1081 2412 1144 2447 vel
1175 2412 1393 2459 labrorum,
1427 2414 1579 2449 nictare
1611 2424 1699 2449 ocu-

200 2478 327 2516 lorum
358 2479 659 2529 significantiam
692 2493 774 2517 esse
802 2478 1096 2526 decreve1·int“;
1127 2481 1299 2530 primum
1325 2484 1363 2517 et
1387 2480 1548 2517 tertium
1573 2484 1698 2526 recte,

201 2546 371 2584 alterum
403 2551 442 2584 et
470 2547 611 2597 putide
644 2552 683 2584 et
713 2561 941 2598 perperam3
982 2545 1162 2586 adultere
1201 2548 1423 2596 generalem
1459 2549 1537 2585 vim
1568 2548 1697 2595 habet,

202 2616 314 2664 quasi
346 2615 528 2653 dixisset:
577 2619 669 2662 „aut
702 2620 816 2653 nutet
847 2620 915 2653 aut
947 2617 1071 2653 nictet
1101 2620 1169 2654 aut
1201 2617 1276 2653 alio
1309 2618 1448 2666 quovis
1481 2616 1599 2654 modo
1631 2616 1698 2653 ad-

202 2687 309 2721 nuat.
369 2683 457 2722 Duo
496 2685 632 2734 priora
669 2685 886 2734 iunguntur
925 2686 1041 2721 etiam
1074 2685 1177 2722 Men.
1213 2686 1305 2723 601.
1354 2684 1475 2722 Mero.
1509 2685 1602 2722 400.
1645 2705 1699 2709 --

204 2753 297 2790 778.
331 2750 513 2791 extincta
544 2754 608 2791 est
639 2749 776 2800 codd.;
808 2752 867 2790 Fl.
905 2751 1027 2800 „sit“;
1060 2766 1131 2803 ego
1169 2751 1291 2800 „erit“
1328 2753 1458 2800 malui,
1484 2757 1528 2790 ut
1555 2767 1590 2791 v.
1619 2754 1696 2789 775

207 2818 389 2866 ,‚fuerit“.
413 2841 469 2846 —
496 2823 573 2859 770
600 2834 657 2871 sq.
691 2832 739 2858 ne
771 2818 874 2870 quid
901 2818 967 2858 Sui
996 2818 1178 2869 membri,
1211 2823 1235 2858 i.
1263 2835 1293 2859 e.
1327 2835 1375 2858 ne
1408 2835 1522 2871 quam
1547 2824 1697 2870 partem
